1690 2996
196 163 305 209 1210
814 159 890 200 Ix.
951 163 1045 204 129.

199 276 481 339 interrogare,
511 285 612 312 num
636 270 869 313 verberant.
927 271 1175 327 Legendum
1198 281 1304 326 puto
1322 270 1469 327 ποτέρᾳ
1485 271 1630 315 τετυπ-

200 342 316 385 τηκε·
344 329 506 368 scilicet
515 330 637 383 χειρί·
661 336 757 368 utra
774 342 903 366 manu
912 329 1163 369 verberarit.-
1188 328 1314 383 quod‚
1331 327 1469 379 credo,
1477 328 1514 368 σί
1528 339 1630 369 con·-

202 385 384 426 iectabat
408 385 482 424 ille
510 384 585 439 qui
609 386 851 437 vapularet,
886 386 990 424 alter
1022 383 1205 425 ferendis
1235 383 1371 438 plagis
1395 384 1629 424 substitue-

201 442 335 481 batur.
392 447 500 480 Iuno.

311 492 478 550 πότερον
500 491 697 548 τετῦπηκε.
710 495 724 547 ]
756 494 935 534 ῈιιιὶΙειιι
957 494 1064 534 hanc
1084 495 1309 536 lectionem
1324 493 1421 534 dum
1442 495 1630 559 sequitur

203 554 436 602 Mezentius,
464 550 556 590 fieri
582 564 669 590 nou
694 550 839 604 potuit
857 550 999 601 aliter,
1029 551 1131 603 quin
1152 549 1460 590 eruditissimus
1478 550 1548 590 vir
1562 553 1630 590 la-

204 607 404 648 betetur
391 621 435 645 ιιι
454 604 546 645 ludi
568 606 848 658 expositione.
880 605 1051 646 meliora
1070 619 1146 645 nos
1166 606 1289 648 MSS.
1310 605 1488 657 docent,
1520 619 1628 660 quo-

203 679 296 704 rum
325 676 405 715 ope
432 661 687 702 restituimus
721 661 764 699 in
788 662 979 700 Polluceo
1008 670 1153 701 textu.
1191 662 1338 715 ποτέρᾳ
1357 675 1586 714 τετυπτηκε·
1614 678 1632 703 ι

204 718 403 758 nimirum
424 717 468 756 in
493 717 615 756 MSS.
631 716 684 755 ad
710 719 819 756 latus
844 715 1103 770 adpositum,
1132 726 1182 756 ut
1199 717 1244 756 in
1262 717 1495 757 Codicibus
1512 717 1632 756 nnti-

204 774 300 830 quis
328 772 420 812 fieri
443 775 687 826 plerumque
704 775 825 822 solet,
854 771 999 826 quod
987 786 1069 810 nam
1088 771 1295 811 subscribi
1316 787 1405 812 mos
1424 772 1629 814 obtinuit.

204 843 348 870 sensus
368 828 509 883 itaque
528 828 660 867 totius
680 827 792 867 loci.
824 830 1079 881 Κολλαβίζειν
1092 836 1153 865 est
1176 841 1269 866 oum
1285 829 1356 867 Ιιίσ
1374 829 1537 880 quidem
1546 843 1632 867 ma·

205 885 329 925 nibus
336 885 525 935 expansis
536 885 672 922 oeulos
680 883 762 920 sibi
773 882 955 931 olaudit;
973 883 1080 920 alter
1090 896 1181 921 vero
1190 883 1358 932 enfin-ta
1357 882 1496 948 plaga
1504 887 1632 922 inter-

206 948 345 993 rogat,
357 940 559 978 alterutra
578 953 704 976 manu
711 940 967 990 percusserit.
996 939 1046 976 In
1059 937 1150 976 md
1139 951 1202 977 nce
1212 951 1313 978 vero
1325 939 1507 991 capitum
1519 939 1631 978 utri-

208 1010 304 1051 que,
316 994 412 1033 dum
424 1007 500 1048 pro
512 996 752 1048 κολλαβίζειν
768 1002 877 1032 recta
898 1006 1002 1032 voce
1023 1005 1160 1046 nequo
1177 993 1374 1033 mutando
1391 995 1632 1047 reponimus

206 1052 472 1105 κοτταβίζειν,
505 1049 813 1089 eruditissimus
850 1049 1064 1087 Kuehnius
1093 1062 1274 1103 eumque
1313 1058 1515 1114 sequutus
1551 1062 1631 1103 ego

208 1106 373 1160 decepti
397 1118 552 1151 sumus,
566 1119 658 1144 eum
678 1104 779 1144 hinc
799 1104 927 1143 falsos
948 1117 1036 1144 esse
1053 1117 1132 1143 nos
1153 1104 1371 1158 opinionis
1393 1115 1533 1158 aperte
1555 1119 1633 1158 pa-

207 1171 310 1202 teat.
367 1160 481 1199 Illud
498 1171 634 1201 autem
653 1157 861 1213 τετύπτηκε
883 1159 996 1214 quod
1016 1159 1183 1208 attinet,
1213 1160 1360 1199 monui
1376 1159 1426 1200 de
1444 1160 1522 1200 hnc
1545 1174 1632 1200 ver-

208 1217 256 1257 bi
272 1218 406 1256 forma
428 1216 549 1266 VIII,
575 1215 641 1270 78.
673 1215 745 1255 sed
762 1216 904 1255 animo
923 1228 1016 1255 meo
1037 1214 1253 1268 obsequi
1241 1229 1322 1254 mm
1341 1215 1475 1264 lubet,
1507 1225 1634 1269 atquo

208 1272 291 1312 alia
314 1272 468 1311 similia
497 1270 569 1311 hic
590 1285 824 1326 congerere.
863 1279 905 1309 et
935 1270 1114 1323 primum
1145 1269 1312 1324 quidem
1332 1271 1518 1310 Atticum
1545 1284 1635 1311 esse

208 1325 392 1380 τυπτήσω
423 1326 661 1367 observavit
683 1327 808 1366 etiam
829 1326 1108 1378 Etymologus.
1148 1325 1209 1364 sic
1231 1335 1274 1365 et
1292 1323 1404 1380 apud
1421 1327 1635 1367 Philonem

209 1384 257 1423 in
277 1384 478 1422 Flaccum
502 1383 805 1436 τετυπτημένος·
835 1385 914 1423 τῶν
928 1383 1094 1423 ἰδιωτῶν
1110 1378 1407 1451 Ἀλεξανδρείων
1422 1378 1636 1425 Ἰουδαίων

208 1444 293 1488 ταῖς
317 1439 657 1491 ἐλευθεριωτέρους
683 1439 749 1479 καὶ
770 1439 1084 1506 πολιτικωτέραις
1117 1436 1294 1488 μάστιξιν
1324 1439 1634 1492 τετυπτημένων.

211 1505 253 1536 et
274 1494 319 1532 in
338 1496 517 1536 Lucian.
539 1496 791 1532 Demonacte
807 1491 1063 1563 τετυπτηκώς.
1094 1493 1251 1562 pariter
1262 1493 1307 1532 iu
1323 1493 1632 1534 Basilioisiibr.

208 1550 306 1591 LX.
327 1550 393 1592 tit.
411 1550 476 1590 50.
507 1549 542 1603 ξ.
566 1548 632 1589 52.
663 1551 698 1591 εἰ
712 1550 796 1617 μέν
801 1565 860 1590 τοι
879 1546 932 1602 μὴ
952 1546 1261 1617 προσετυπτήθη
1279 1546 1303 1591 ὅ
1316 1547 1509 1602 κάπηλος.
1547 1551 1635 1589 Eo-

211 1605 388 1660 demque
407 1604 532 1644 modo
549 1604 706 1644 dicitur
721 1602 890 1659 γράφειν
907 1614 951 1645 et
969 1610 1153 1658 γραφεῖν,
1182 1601 1428 1659 ἆναγράφειν
1457 1615 1500 1645 et
1528 1601 1636 1646 ἅνα-

212 1667 396 1718 γραφεῒν,
425 1661 614 1716 διαλέγειν
634 1669 678 1700 et
697 1663 905 1714 διαλεγεῖν·
935 1660 1091 1715 illeque
1111 1659 1330 1700 verborum
1351 1662 1486 1700 forma
1501 1661 1635 1714 Smyr·

212 1720 328 1756 naeie
346 1716 479 1756 fuisse
502 1716 839 1769 frequentissima
862 1714 1045 1758 videtur.
1073 1729 1296 1769 sanequam
1315 1726 1380 1755 est
1397 1715 1599 1757 celebris
1587 1730 1634 1755 m

211 1774 527 1823 Smyrnaeorum
553 1772 724 1810 Foedere
741 1772 853 1810 inter
875 1771 1166 1810 Arundeliana
1186 1772 1424 1827 Marmora3
1453 1771 1566 1826 quod
1586 1781 1638 1811 ut
1689 1791 1690 1802 ι

212 1837 305 1867 tute
327 1826 495 1877 videas,
525 1826 630 1866 haec
683 1830 831 1866 nucula
850 1826 1033 1866 notabo:
1059 1828 1145 1880 περι
1163 1827 1212 1868 οὑ
1227 1825 1477 1897 Ἀλέξανδρος
1499 1825 1635 1896 γεγρά-

212 1899 355 1952 φηκεν.
413 1882 596 1923 Iterum:
625 1899 669 1925 το
691 1880 879 1935 ψήφισμα
899 1880 988 1924 τόδε
1002 1880 1275 1953 ἀναγραφήτω
1291 1881 1386 1925 κατὰ
1403 1882 1474 1926 τὸν
1493 1881 1636 1935 νόμον,

212 1935 481 1993 αναγραφήτω
509 1938 552 1980 δὲ
581 1939 647 1979 καὶ
667 1940 724 1987 εἷς
740 1937 892 1990 στήλας,
923 1935 1012 1987 εἰς
996 1954 1044 1986 ας
1063 1940 1128 1980 καὶ
1144 1937 1172 1991 ἦ
1197 1936 1425 2009 ὅμολογία’
1399 1936 1635 1992 αναγραφή-
1686 1935 1690 1966 ³

214 2009 335 2037 σεται.
391 1993 617 2046 Denique:
647 1994 737 2046 περὶ
754 1998 830 2035 τῶν
851 1994 1129 2049 γεγραμμένων
1153 1997 1196 2038 ἐν
1213 1992 1315 2051 αὐτῇ
1328 1993 1635 2049 διαλεγήσονται.

214 2050 336 2089 Talia
362 2051 480 2101 plura
511 2049 779 2101 reperiuntur
810 2050 856 2087 in
886 2049 1094 2088 Herodoto
1120 2059 1163 2090 et
1188 2051 1474 2091 vetustissimo
1508 2050 1637 2090 Chro-

214 2109 309 2145 nico
329 2103 770 2152 Marmoreo.[1nter
794 2104 867 2143 illa
885 2104 1066 2158 duplicis
1089 2106 1406 2160 coniugationis
1425 2108 1635 2159 exempla,

215 2174 324 2215 quae
349 2174 406 2199 ex
434 2158 604 2198 foedere
630 2158 861 2212 Smyrnaeo
889 2160 1072 2213 protuli,
1103 2160 1329 2200 secundum
1357 2160 1489 2201 deleri
1517 2163 1636 2211 volo,

216 2216 331 2272 quod
351 2215 488 2253 minus
511 2213 703 2253 videatur
705 2224 1021 2284 opportunum.
1080 2218 1147 2255 Ex:
1163 2217 1391 2258 Addendie.
1400 2215 1421 2270 ]
1658 2216 1661 2218 ’

324 2268 603 2323 προσθήσομεν
620 2267 718 2311 κατὰ
749 2271 921 2322 συνων.]
961 2271 1026 2309 Ita
1048 2272 1142 2312 MS.
1165 2283 1327 2313 tamen:
1328 2267 1640 2340 προσθήσομεν

216 2329 274 2376 εἷς
291 2325 569 2390 συμπλήρωσιν
588 2340 660 2367 του
683 2328 837 2380 βιβλίου
855 2325 954 2367 κατὰ
973 2330 1241 2380 συνωνυμίαν,
1274 2325 1304 2382 ἦ
1319 2343 1529 2382 ομοιοτητα
1538 2336 1639 2381 post

214 2397 352 2452 quae
346 2383 487 2421 statim
506 2380 659 2449 incipit
675 2390 802 2432 caput
822 2389 1157 2426 novum,1nue.

323 2455 350 2491 η
333 2434 660 2492 ἀνομοιότητα]
693 2435 858 2476 Absunt
875 2435 979 2476 haec
997 2438 1119 2477 verba
1139 2452 1274 2493 usque
1291 2436 1343 2478 ad
1364 2438 1452 2492 ἑξῆς
1469 2451 1491 2478 a
1509 2437 1634 2478 MSS.

213 2500 358 2534 Romu.

324 2566 424 2592 κατα
442 2545 723 2619 συμπλήρωσιν
741 2550 815 2589 τοῦ
834 2548 1019 2602 βιβλίου]
1046 2547 1217 2598 1118.ng
1237 2548 1527 2618 συμπλήρωσιν.
1554 2554 1636 2588 Snn.

320 2604 420 2649 κατὰ
441 2604 719 2662 συμπλήρωσιν
737 2607 810 2647 τοῦ
824 2606 994 2660 βιβλίου.
1006 2605 1027 2658 ]
1057 2621 1154 2649 κατα
1171 2604 1457 2664 συμπλήρωσιν
1475 2622 1509 2648 τ.
1529 2607 1569 2660 β.
1588 2612 1637 2643 ut
