1716 3016
723 140 799 180 IX.
858 143 925 182 60.
1471 140 1547 181 981

133 253 372 311 ψαμμώδεα·
412 267 518 308 quae
543 252 624 292 tibi
651 266 771 306 quam
797 249 1127 291 emendatissima
1143 280 1155 299 ‚
1186 249 1382 289 benivole
1409 246 1551 298 lecton

134 325 187 351 ex
203 321 409 365 postrema
435 323 568 363 eaque
589 322 692 362 pura
716 307 864 346 summi
885 307 1097 346 literarum
1117 305 1362 344 Graecarum
1382 304 1554 343 antisti-

133 367 191 406 tis
210 367 298 406 Iac.
320 366 520 404 Gronovii
539 364 728 404 editione
747 363 937 416 apposui.
978 372 1019 402 et
1037 362 1109 400 illa
1129 359 1293 416 quidem
1311 363 1439 400 unice
1456 360 1552 398 illu-

133 431 268 462 strant
288 423 441 461 Sinum
461 434 551 460 cum
573 419 647 459 lib.
677 419 775 460 VII.
797 417 934 457 canit:

346 478 501 516 Battus
524 476 708 528 erenem
729 474 845 513 molli
862 483 950 512 tum
965 471 1264 523 sortesovebat.

134 530 275 573 viden’
286 532 416 588 igitur
426 528 619 585 Κυρήνην
634 527 789 582 ποιώδη
807 539 931 582 atque
942 526 1154 580 μαλθακὴν
1172 527 1222 565 ab
1237 527 1437 576 Arriano,
1452 528 1553 565 mol.

136 589 215 628 lem
243 599 344 628 vero
377 587 545 641 &renes
571 596 717 625 sortem
744 599 767 623 a
789 587 893 623 Silio
913 583 1079 624 dictam.
1138 581 1551 622 Desideratissimum

135 658 237 684 vero
255 643 515 698 laserpitium
541 642 622 681 hoc
648 640 899 694 Cyrenenses,
928 643 995 678 vel
1017 638 1114 678 inde
1134 647 1287 691 pateat,
1319 637 1432 691 quod
1452 636 1554 678 Car-

136 699 419 755 thaginienses
433 725 445 746 ,
475 699 511 738 si
531 696 704 737 subdole
729 695 828 751 quid
849 695 1064 734 sustulisse
1084 702 1299 747 poterant.
1330 707 1353 733 e
1372 692 1553 746 vestigio

136 754 338 795 mercibus
358 756 453 794 aliis
474 768 564 793 cum
587 756 704 792 lucro
723 750 1024 805 permutabant,
1055 759 1159 790 teste
1175 749 1388 787 Strabone.
1426 747 1553 787 Soliti

138 811 278 866 itaque
304 818 422 850 erant
448 808 651 862 Cyrenaei
684 817 733 846 ut
759 807 808 846 ab
837 806 992 845 iniuria
1016 805 1220 859 pecudum
1251 803 1555 857 hominumque

139 865 343 905 furacium
371 864 632 918 laserpitium
667 861 961 911 defenderent,
999 864 1138 900 locum
1165 873 1262 913 sepe
1287 859 1470 908 munire,
1505 868 1558 897 ut

142 920 268 961 docet
286 922 458 960 Art-ian.
479 919 529 960 de
550 917 715 971 Exped.
736 919 852 959 Alex.
876 917 949 957 lib.
962 916 1038 956 ΙΙΙ.
1049 925 1089 956 et
1108 914 1358 955 monendum
1387 927 1555 969 quoque

143 975 253 1015 duco
282 974 426 1028 silphii
452 984 718 1014 mercaturam
747 987 833 1012 non
856 971 990 1011 videri
1016 972 1269 1024 pertinuisse
1292 971 1346 1010 ad
1367 969 1478 1010 hunc
1496 970 1557 1008 il-

142 1033 282 1071 lumve
300 1031 488 1083 privatae
505 1029 698 1068 fortunae
718 1028 927 1066 hominem
939 1057 951 1075 ‚
982 1026 1054 1066 sed
1071 1027 1122 1066 ad
1149 1028 1280 1079 ipsam
1298 1026 1554 1079 Cyrenarum

142 1085 446 1138 rempublicam.
485 1083 639 1137 Silphii
660 1093 794 1122 autem
815 1082 992 1137 frugiFer
1011 1081 1084 1121 ille
1099 1085 1215 1120 locus
1234 1081 1366 1134 ipsius
1387 1081 1558 1119 fruticis

143 1140 314 1181 nornine
326 1141 411 1179 fuit
422 1140 570 1179 dictus.
584 1139 699 1178 sicin
711 1141 906 1186 Arriam),
916 1134 1012 1191 ὑπὲρ
1022 1137 1062 1178 δὲ
1078 1135 1121 1179 τὸ
1129 1140 1299 1189 σίλφιον,
1311 1145 1354 1176 et
1371 1136 1555 1175 Herodo-

145 1204 213 1235 tus
223 1196 349 1236 Musa
360 1205 504 1249 quarta
523 1195 610 1235 bis:
639 1196 704 1236 καὶ
725 1195 766 1236 ἒν
786 1198 832 1251 τῇ
846 1191 996 1246 ἠπείρῳ
1010 1193 1233 1241 Μενελάῖος
1241 1190 1361 1244 λιμήν
1376 1192 1467 1240 ἐστι,
1488 1192 1558 1234 καὶ

133 1249 309 1305 Ἀζιρος,
326 1249 398 1304 τὴν
409 1253 450 1292 οἵ
457 1255 676 1303 Κυρηναῖοι
684 1251 833 1291 οἴκεον·
853 1246 970 1290 καὶτὸ
982 1251 1140 1301 σίλφιον
1150 1244 1390 1302 &exstantiae
1399 1245 1555 1290 τούτου.

143 1307 373 1351 Etiterum:
393 1308 465 1348 εἰσὶ
478 1306 592 1348 δὲκαὶ
603 1310 720 1359 γαλαῖ
726 1305 767 1346 ἕν
779 1310 835 1361 τῷ
842 1306 983 1358 σιλφίῳ
993 1303 1209 1358 γενόμεναι,
1220 1309 1306 1358 τῇσι
1323 1307 1558 1358 Ταρτεσσιῇ-

144 1377 183 1405 σι
203 1359 445 1416 ὅμοιόταται·
467 1359 746 1400 emendandus
765 1369 827 1400 est
846 1361 988 1413 itaque
998 1359 1230 1411 Hesychius
1241 1360 1285 1397 in
1296 1361 1471 1410 Σιλφίου
1482 1365 1557 1402 let·

143 1416 239 1474 μῶν,
259 1416 368 1470 apud
382 1430 502 1471 quem
516 1413 664 1464 εἶδόςτι
672 1415 832 1470 Λιβύης
842 1413 884 1458 ro
897 1418 1057 1466 σίλφιον
1068 1418 1172 1453 male
1185 1424 1248 1454 est
1265 1429 1342 1468 pro
1359 1411 1480 1464 τόπος
1498 1432 1559 1464 τις

144 1470 303 1528 Λιβύης
321 1483 398 1515 etc.
436 1471 506 1511 sed
525 1471 576 1511 de
598 1472 691 1524 ipso
711 1471 918 1524 laserpitii
936 1471 1088 1510 frutice
1108 1473 1228 1523 plura
1250 1470 1427 1524 reperies
1445 1469 1557 1524 apud

155 1530 330 1569 Yvomm
358 1529 650 1568 rimamarum
679 1528 722 1566 in
741 1525 945 1567 Controv.
974 1528 1075 1566 Titii
1088 1529 1207 1565 locos
1228 1525 1301 1564 lib.
1323 1540 1423 1568 vm.
1444 1540 1480 1566 c.
1496 1539 1556 1566 12.

145 1594 201 1635 et,
230 1583 302 1640 qui
322 1598 372 1624 ex
394 1583 476 1623 hoc
493 1583 664 1637 collegit
684 1585 887 1635 pluscula,
906 1580 974 1623 τὸν
990 1580 1096 1623 πάνυ
1118 1583 1368 1620 salmasium
1388 1581 1432 1620 in
1451 1583 1557 1620 Soli-

146 1650 258 1682 num.
313 1639 452 1678 Huius
481 1649 614 1678 autem
642 1638 815 1690 silphii,
846 1636 957 1690 quod
983 1650 1140 1676 summo
1173 1635 1284 1688 apud
1311 1651 1382 1676 eos
1403 1637 1487 1675 fuit
1511 1638 1556 1676 in

145 1695 304 1750 pretio,
338 1695 500 1734 annulis
526 1695 612 1732 suis
633 1693 880 1746 insculptam
900 1692 1080 1732 habuere
1104 1691 1272 1746 figuram
1305 1692 1555 1743 Cyrenenses,

146 1751 351 1792 referente
378 1749 678 1800 Aristophanis
701 1750 958 1787 Enarratore
988 1747 1164 1801 antiquo
1185 1746 1236 1785 ad
1261 1748 1376 1787 Plut.
1399 1761 1439 1786 v.
1463 1747 1558 1803 926.

146 1806 222 1845 ubi
244 1805 434 1845 comicus
456 1804 671 1844 notissima
702 1804 910 1858 paroemia
934 1801 1086 1845 Βάττου
1107 1806 1266 1854 σίλφιον
1284 1803 1430 1841 utitur.
1469 1818 1560 1844 me-

148 1861 303 1902 moriae
320 1874 445 1914 porro
457 1859 695 1914 prodiderat
714 1859 1026 1907 Alexandr-ides,
1047 1868 1209 1913 gentem
1234 1857 1399 1911 Libyae
1410 1859 1558 1912 Ampe-

149 1918 297 1967 Rotas,
324 1925 373 1956 ut
395 1915 596 1955 honorem
618 1916 812 1967 Apollini
837 1913 1039 1966 Delphico
1070 1913 1294 1961 haberent,
1323 1913 1470 1965 silphii
1490 1929 1558 1953 sa-

149 1986 261 2012 crum
279 1971 437 2012 misisse
459 1973 629 2010 caulem.
673 1971 753 2008 huc
772 1979 931 2023 spectat
954 1967 1094 2022 lepida
1116 1969 1165 2008 de
1185 1969 1407 2008 Dioscuris
1427 1969 1558 2009 histo-

147 2027 268 2078 riola,
287 2041 408 2080 quam
426 2029 671 2065 Pausanias
692 2024 815 2066 habet
836 2028 994 2066 Lacon.
1008 2039 1095 2078 cap.
1120 2024 1179 2066 16.
1197 2039 1331 2077 quam,
1348 2025 1445 2069 nisi,
1461 2024 1558 2064 dum

104 2124 108 2125 ⁷
148 2081 250 2123 haee
262 2096 353 2175 Ἔα,
380 2081 602 2121 inseruisse
619 2081 813 2121 thesauro
836 2095 912 2120 suo
936 2082 1140 2133 Begerum
1162 2079 1557 2125 animadvertissem.

150 2137 195 2176 in
222 2152 284 2178 me
316 2137 399 2175 ium
426 2137 496 2175 hic
525 2136 686 2176 dedisse
713 2137 873 2175 animus
899 2137 1050 2175 fuerat.
1107 2136 1158 2174 Iu
1187 2135 1366 2174 nummis
1398 2134 1558 2174 demum

150 2190 450 2246 Cyrenensibus
478 2191 624 2244 silphii
663 2202 835 2245 apparet
869 2192 1042 2241 frutex,
1074 2190 1124 2230 de
1147 2205 1230 2244 quo
1250 2200 1291 2230 et
1309 2189 1474 2244 antiqui
1494 2201 1559 2231 te-

151 2257 336 2298 stantur,
372 2246 443 2287 sed
468 2247 585 2287 vario
608 2257 733 2299 atque
751 2247 949 2286 intricato
976 2249 1193 2299 paululum
1216 2245 1356 2285 modo.
1395 2256 1561 2298 repeta-

150 2316 240 2342 mus
257 2303 368 2349 licet,
397 2303 558 2342 etiamsi
580 2302 630 2341 ab
651 2303 746 2341 aliis
769 2302 899 2351 dicta,
927 2302 963 2341 si
982 2301 1159 2341 forsitan
1186 2300 1333 2339 maiori
1362 2303 1455 2340 luce
1477 2301 1561 2342 do-

151 2357 241 2396 nari
267 2371 289 2396 a
311 2357 434 2397 nobis
453 2358 626 2411 possint.
667 2358 716 2396 ad
731 2357 887 2396 dictum
913 2358 1066 2396 Comici
1083 2360 1219 2395 locum
1236 2355 1326 2393 bini
1340 2356 1558 2397 Commen-

153 2420 304 2452 tatores
326 2423 497 2467 uterque
514 2413 747 2452 Aristotelis
763 2413 903 2453 eadem
923 2413 1174 2452 auctoritate
1186 2425 1237 2450 ex
1257 2410 1557 2463 Cyrenensium

153 2467 359 2519 republica
381 2469 582 2514 nitentes,
614 2482 636 2507 a
655 2482 696 2508 se
720 2468 899 2508 invicem
922 2467 1176 2506 dissentiunt
1197 2475 1356 2518 tamen,
1389 2466 1492 2507 adeo
1512 2478 1560 2508 ut

157 2522 257 2561 alter
276 2522 370 2562 falsi
402 2523 457 2562 sit
484 2522 834 2563 condemnandus.
880 2525 995 2576 prior
1018 2521 1183 2576 quidem
1208 2521 1375 2562 condita
1397 2523 1558 2576 Cyrene

156 2574 278 2616 Batto
295 2577 492 2632 silphium
520 2578 694 2619 donasse
714 2579 870 2631 Libyes
891 2577 1041 2625 tradit,
1072 2586 1113 2617 et
1132 2592 1341 2618 nummum
1362 2579 1558 2633 signasse,
