1716 3016
745 134 820 176 lx.
878 137 944 177 57.
1475 133 1559 181 967

143 259 224 290 tna
237 256 420 298 namu,
449 247 670 286 drachmae
684 250 830 300 agenti
848 246 937 290 Lx.
965 261 1088 299 quum
1108 244 1267 299 argenti
1284 245 1483 283 talentum
1501 242 1559 280 ait

142 305 237 346 LX.
260 307 486 353 minarum,
513 303 663 344 MDC.
692 303 1000 342 drachmarum:
1038 305 1103 340 ita
1131 311 1171 339 et
1187 303 1302 340 mina
1331 300 1421 338 alia
1448 299 1555 345 auri,

144 362 448 412 nempeoiginta'
463 359 685 398 drachmae
693 362 777 398 sive
794 366 936 403 stater,
951 358 1043 395 alia
1053 359 1228 410 argenti,
1243 370 1347 409 quae
1355 352 1398 394 G.
1412 352 1561 393 drach*

145 430 339 455 nun-mn.>
362 428 469 469 quae
480 428 578 454 eane
594 413 810 467 expositio
829 427 927 466 prae
947 415 1120 452 caeteris
1137 412 1243 451 miro
1260 407 1475 450 blanditur
1492 411 1558 447 le-

146 470 335 513 nocinio.
376 469 449 509 aed
476 479 612 508 tamen
635 469 845 522 paulisper
868 467 1135 519 animumque
1159 470 1255 506 loeo
1282 462 1558 512 attendamus,

146 525 411 578 auctorisque
430 525 564 564 nostri
583 525 754 563 errantis
773 523 959 578 quamvis
978 531 1153 562 mentem
1173 521 1558 574 aperiamuaffiuan?

145 590 234 620 tum
257 579 348 622 fieri
363 589 512 634 potest.
570 578 756 620 Statuam
779 580 918 634 itaque
941 578 1076 632 primo
1092 580 1186 617 loco
1206 577 1251 615 in
1279 576 1394 615 hisce
1411 575 1558 614 Paua*

77 639 84 652 ”
146 638 355 676 cisnoatn
374 634 504 675 verbis
525 634 575 676 de
596 635 779 687 pondere
798 643 962 673 stateris
980 647 1064 672 non
1085 631 1136 672 de
1158 631 1293 685 pretio
1317 630 1411 684 agi,
1443 627 1558 682 quod

147 701 191 731 et
221 690 450 731 rectiaaime
480 689 643 731 viderat
685 691 880 741 Scaliger.
938 689 1094 728 etenim
1125 702 1148 727 a
1179 686 1332 726 nostris
1366 683 1558 739 partibus

147 745 239 799 ipae
256 746 406 786 Pollux
422 755 563 799 aperte
583 754 679 798 stat,
708 744 914 798 siquidem
935 758 1061 798 segm.
1081 742 1147 784 58.
1169 742 1282 782 dicat
1301 741 1462 781 demum
1481 741 1560 782 ἔστι

149 801 192 844 δὲ
213 802 282 844 καὶ
299 798 469 855 νόμισμα
491 799 654 855 πατὴρ,
684 814 789 854 quae
806 799 1079 853 persuadent,
1109 796 1259 847 credo,
1283 797 1329 836 in
1348 793 1559 850 prioribus

149 855 202 896 de
225 855 410 910 pondere
441 856 606 897 stateris
636 859 855 911 loquutum
891 856 1034 894 fuisse.
1092 855 1200 892 Tum
1231 865 1332 893 vero
1361 851 1560 891 intactam

149 913 318 951 Polluci
346 921 490 951 noatro
510 924 674 950 manere
693 910 835 964 potina
851 910 975 951 velim
1005 911 1198 950 voculam
1213 908 1405 962 χρυσοῦς,
1435 918 1559 959 qunm

151 966 190 1006 ai
205 965 479 1016 extermines,
507 965 705 1005 violatam
731 964 892 1006 dederis
914 965 1180 1018 antiquorum
1201 962 1407 1005 Codicum
1423 960 1562 1010 fidem,

152 1021 228 1075 qui
250 1020 473 1077 genuinam
502 1034 591 1060 eam
626 1019 784 1059 habent
809 1033 856 1059 ac
880 1020 1071 1073 probant.
1110 1019 1178 1059 hia
1198 1020 1235 1058 ai
1255 1019 1347 1071 ipsa
1372 1017 1561 1060 Pollucis

152 1075 288 1116 nostri
306 1075 473 1116 accedat
490 1075 716 1117 auctoritas
727 1107 742 1126 ,
769 1088 832 1115 res
849 1076 928 1115 erit
950 1073 1138 1115 indubia.
1178 1074 1214 1113 ia
1234 1073 1293 1113 ita
1327 1087 1379 1113 ue
1398 1072 1475 1123 1v,
1494 1070 1561 1120 75.

151 1130 319 1184 inquita
347 1128 370 1174 ὅ
389 1131 431 1173 δὲ
450 1135 621 1185 χρυσοῦς
638 1128 776 1184 «πατὴρ
795 1124 866 1173 δύο
883 1129 960 1183 εἶχε
984 1129 1156 1183 δραχμὰς
1168 1127 1342 1177 Ἀττικας
1354 1141 1365 1151 ·
1395 1139 1478 1182 quo
1498 1128 1562 1169 10⁹.

154 1199 204 1226 co
222 1185 274 1226 de
288 1184 472 1239 pondere
489 1186 560 1241 agi
584 1186 782 1239 segmenti
802 1185 923 1225 docet
941 1186 1185 1239 inscriptio:
1216 1194 1337 1237 etper
1353 1182 1452 1222 duas
1471 1180 1563 1222 drae

153 1240 292 1280 chmaa
311 1240 520 1294 intelliges
541 1254 683 1280 aureas
694 1257 706 1291 ;
734 1240 836 1280 alias
851 1241 961 1280 enim
980 1240 1135 1294 viginti
1154 1238 1279 1279 habet
1299 1237 1459 1292 argenti
1472 1235 1563 1275 dra-

152 1295 290 1336 chmae
307 1304 447 1343 nater,
479 1295 629 1348 quibua
649 1295 739 1334 auti
767 1294 888 1335 binae
906 1304 1004 1334 sunt
1022 1298 1227 1350 aequales,
1255 1292 1460 1346 siquidem
1485 1290 1564 1332 de·-

151 1353 273 1404 cupla
295 1350 421 1404 pretii
445 1360 560 1403 parte
580 1359 790 1404 argentum
809 1351 900 1390 auri
917 1353 1034 1390 valor
1055 1350 1240 1390 excedat.
1296 1348 1493 1388 Forsitan
1502 1356 1564 1386 tae

100 1416 110 1424 ·
150 1419 245 1447 men
265 1420 358 1446 cum
385 1406 590 1445 Salmaaio
615 1420 700 1445 non
722 1408 826 1446 male
848 1420 925 1459 pro
944 1410 1117 1459 χρυσοῦς
1135 1405 1313 1449 levicula
1331 1402 1564 1448 mutatione

150 1460 364 1514 scripserit
388 1466 559 1515 χρυσοῦ·
597 1461 742 1501 melius
767 1459 902 1511 enim,
931 1476 1024 1500 cum
1054 1460 1107 1500 de
1128 1459 1309 1513 pondere
1335 1472 1468 1499 sermo
1487 1465 1565 1510 est,

152 1520 323 1571 στηῆρα
337 1521 486 1570 χρυσοῦ
505 1516 588 1555 dici
608 1525 728 1570 puto,
755 1530 875 1571 quam
894 1522 1062 1569 στατῆρα
1074 1519 1268 1570 χρυσοῦν,
1296 1514 1564 1567 ιὶευῐίἜραχ-,ς

153 1573 206 1626 μή
222 1577 373 1626 χρυσοῦ
381 1581 423 1612 et
445 1573 600 1626 χρυσέη,
629 1573 699 1611 illa
718 1570 770 1611 de
789 1571 986 1624 pondere,
1023 1578 1124 1612 haec
1144 1571 1195 1611 de
1207 1583 1373 1610 nummo
1394 1568 1564 1611 dicitur.

152 1637 374 1681 utrumque
391 1637 526 1667 tamen
542 1627 786 1676 obtinuerit,
804 1627 951 1667 credo:
981 1628 1108 1666 sicuti
1128 1640 1254 1682 aegm,
1274 1640 1361 1679 aeq.
1382 1628 1565 1677 στατῆρες

152 1683 317 1736 χρυσίου
337 1681 389 1725 de
406 1683 583 1722 nummis
602 1683 646 1720 in
666 1683 883 1733 Eupolidis
899 1685 1056 1723 Damio.
1102 1683 1218 1722 Haec
1236 1695 1334 1721 vero
1352 1680 1390 1719 si
1410 1679 1461 1719 de
1481 1694 1565 1718 nu-

153 1740 341 1778 mismate
361 1738 541 1779 volueris
567 1737 822 1791 intelligere,
853 1747 967 1778 verte
986 1747 1028 1778 te
1048 1738 1093 1776 in
1117 1749 1406 1791 quamcunque
1423 1734 1566 1774 libue-

153 1793 210 1832 rit
227 1802 397 1846 partem,
426 1807 503 1832 nec
521 1793 581 1832 sic
600 1801 737 1831 tamen
758 1794 939 1846 reperies
958 1793 1196 1847 quicquam,
1226 1805 1308 1846 quo
1327 1791 1470 1831 stateri
1489 1790 1566 1834 mi.,

153 1861 248 1891 nam
266 1857 308 1889 te
330 1848 652 1888 conciliaturum
676 1849 917 1899 promittere
933 1847 1100 1888 audeas.
1141 1858 1251 1888 certe
1270 1862 1374 1901 quae
1387 1847 1451 1885 vir
1466 1860 1567 1887 eru-.

156 1903 332 1944 ditionis
347 1903 581 1958 exquisitae
594 1903 879 1942 Gronoviusin
898 1903 1080 1943 medium
1101 1902 1339 1956 protulit‚ei
1358 1899 1409 1940 ad
1434 1915 1569 1940 amus·
1624 1935 1626 1937 ,

156 1958 234 1998 aim
255 1958 563 2008 examinentur,
591 1957 908 2012 haudquaquam
927 1968 1174 2012 congruunt.
1213 1957 1314 2012 quid
1343 1956 1485 1996 enim?
1515 1955 1567 1995 ad

155 2012 264 2054 hanc
284 2014 427 2068 itaque
452 2012 639 2053 fictitiam
663 2013 757 2053 XX.
783 2013 1063 2052 drachmarum
1091 2014 1244 2052 minam
1275 2011 1568 2054 stabiliendam

155 2069 356 2108 momenti
379 2067 477 2123 quid
499 2070 686 2108 conferet
706 2068 886 2121 duplicis
908 2069 1055 2108 talenti
1080 2069 1334 2122 comparatio
1347 2069 1380 2111 ?¹
1397 2068 1569 2107 minime

154 2123 359 2176 profecto.
397 2123 562 2163 felicius
582 2122 627 2161 id
647 2123 909 2173 succederet,
938 2125 974 2163 ai
990 2138 1077 2164 eam
1096 2124 1299 2164 rationem
1317 2122 1369 2162 ad
1388 2123 1480 2160 auri
1502 2131 1571 2161 ta-

155 2181 317 2218 lentum
334 2178 503 2218 haberet
525 2178 635 2217 mina
657 2179 762 2229 auri,
793 2192 912 2231 qnam
932 2178 983 2217 ad
1007 2179 1167 2232 argenti
1188 2182 1386 2218 talentum
1408 2177 1571 2230 argenti

156 2232 280 2274 hahet
304 2234 416 2273 mina
434 2266 446 2285 ‚
480 2247 558 2286 qua
587 2233 726 2272 debita
747 2233 1022 2287 proportione
1043 2233 1114 2273 hic
1139 2237 1264 2287 plane
1289 2232 1567 2272 destituimur.

155 2301 280 2341 porro
310 2303 402 2328 cnm
434 2289 544 2327 mina
571 2289 730 2342 argenti
751 2289 967 2328 contineat
987 2288 1031 2329 C.
1051 2288 1277 2335 drachmas,
1306 2286 1396 2326 auri
1414 2288 1569 2335 minam

160 2343 374 2387 continere
401 2343 619 2396 oportebat
647 2344 700 2382 X.
722 2343 959 2393 drachmas,
988 2359 1080 2383 cum
1111 2358 1256 2383 aurum
1276 2347 1350 2384 τοῦ
1376 2339 1568 2397 ἆργυρίου

159 2397 214 2441 §.it
235 2397 520 2447 δεκαπλάσιον,
559 2408 756 2438 monente
785 2399 963 2439 inferius
989 2399 1152 2439 Polluce
1181 2407 1339 2443 nostro.
1388 2408 1430 2438 et
1456 2398 1569 2438 unde

159 2452 346 2506 tandem,
383 2467 515 2508 quave
544 2453 1009 2493 auctoritatestabilias
1039 2455 1152 2493 illam
1180 2454 1270 2491 auri
1298 2453 1450 2492 minam
1470 2453 1566 2493 XX.

162 2504 470 2549 drachmarum?
502 2523 586 2546 non
617 2517 749 2558 certe,
780 2508 891 2563 quod
915 2510 1111 2560 Iosephus
1135 2513 1234 2560 μνᾶς
1253 2507 1432 2558 dixerit,
1466 2522 1568 2562 quas

161 2559 236 2602 οἷό
251 2569 434 2616 χρυσοῦς·
474 2564 547 2602 ina
575 2563 684 2603 enim
703 2562 920 2606 diversitas
943 2564 1110 2619 aratio
1129 2563 1342 2606 Hebraeae
1356 2565 1474 2607 vocis
1491 2574 1566 2617 *102
