1690 2996
179 117 287 159 1488
795 114 848 154 X.
905 119 970 158 67.

180 224 329 274 video,
369 236 504 277 neque
544 224 646 279 quid
675 225 780 266 illud
809 224 1100 270 ἔπτακόνδυλον
1123 227 1227 266 velit
1254 227 1354 266 satis
1377 240 1599 281 assequor;

181 295 265 319 non
290 279 399 319 enim
426 288 555 333 pum,
587 281 636 319 ad
665 280 804 341 condy
825 281 1029 322 barbarici
1048 282 1191 336 poculi
1218 296 1349 336 genus
1373 283 1601 337 confugere

181 336 298 386 licet,
318 344 390 374 aut
410 332 621 384 κονδύλους
640 335 902 390 interpretari
924 337 1056 377 nodos
1080 337 1343 386 vasculi,‘seu
1364 340 1599 384 volumina,

182 401 232 430 ut
251 388 539 440 ἑπτακόνδυλος
568 391 740 441 λήκυθος
767 395 947 446 ampulla
977 394 1104 432 fuerit
1125 407 1196 446 per
1211 401 1364 446 septem
1385 394 1601 432 volumina

183 460 422 502 assurgens.
455 447 691 487 cuiusmodi
723 451 982 487 vasculorum
1014 462 1142 503 genus
1169 457 1240 487 aut
1257 450 1502 500 poculorum
1524 463 1601 487 nec

184 511 320 542 aetate
347 512 487 542 nostra
519 504 708 558 ignotum
745 514 822 546 est.
854 503 924 543 sed
959 503 1061 544 haec
1081 504 1200 542 missa
1229 503 1394 544 faciam.
1433 503 1602 542 restitui

184 571 310 611 porro
332 562 536 614 χυτραίαν.
559 559 748 614 quamvis
767 559 878 599 enim
901 559 1118 615 analogiae
1136 557 1289 614 χύτριος
1307 573 1391 598 non
1411 557 1603 598 adverse-

184 623 273 662 tur,
305 627 384 653 usu
412 624 550 654 tamen
584 613 695 654 haud
714 615 1027 669 comprobatum
1059 624 1133 657 est.
1189 613 1316 669 Quod
1336 613 1562 654 adiecimus
1581 627 1604 652 e

183 669 308 709 MSS.
349 665 401 712 ἵν’
430 669 558 726 ἔχοιμι
585 668 854 724 συνθεοὶτριαν
880 680 996 710 extat
1023 679 1064 712 et
1094 671 1137 709 in
1167 670 1493 721 Falckenburgii
1523 669 1604 709 Co-

186 723 292 764 dice.
323 724 421 766 inde
445 740 544 766 vero
576 727 677 766 licet
701 727 897 780 augurari
927 726 1123 765 feminam
1154 726 1333 779 aliquam
1367 739 1505 764 secum
1534 735 1608 763 tu·-

186 779 286 820 lisse
305 784 553 835 ampullam,
581 797 673 820 cum
695 781 748 820 ad
774 795 935 821 scenam
965 782 1070 830 iret,
1110 780 1291 834 ideoque
1316 781 1432 831 illamv
1451 783 1607 834 ampul-

185 837 267 874 lam
300 835 461 875 comica
498 838 649 876 facetia
677 835 944 890 συνθεοὶτριαν
976 839 1159 889 appellat
1189 836 1278 888 ipsa
1300 837 1468 888 mulier,
1500 849 1607 889 quae

185 889 309 930 ludos
340 893 502 931 scilicet
529 907 666 932 secum
690 891 827 931 visura
858 891 1039 931 vaderet.
1096 890 1352 944 Sequebatur
1369 895 1524 945 vulgo.-
1550 893 1608 932 εἴ·

186 962 304 999 ρηται
335 949 377 989 δι’
400 948 482 990 νῦν.
515 947 652 999 aptius
684 947 791 987 liber
812 949 1035 986 Palatinus
1057 945 1145 1000 γάρ,
1177 945 1290 999 quod
1313 947 1494 1000 reposui.
1533 944 1608 997 λη’-

188 1008 318 1045 κυθον
343 1003 472 1055 igitur
502 1017 578 1056 pro
608 1006 760 1056 poculo
782 1003 925 1055 posuit
946 1002 1006 1040 ibi
1023 1003 1336 1054 Aristophanes,
1371 1017 1463 1040 cum
1481 1002 1607 1056 signi·

188 1056 286 1096 ficet
306 1053 524 1111 ampullam
555 1059 764 1106 oleariam,
796 1058 926 1097 simili
953 1058 1116 1097 ratione
1146 1067 1272 1111 atque
1298 1058 1493 1096 Cratinus
1521 1054 1608 1110 ὀξύ·

187 1117 325 1166 βαφον
341 1114 491 1153 abusus
506 1123 566 1154 est
585 1113 635 1153 de
659 1129 755 1152 vase
778 1114 942 1153 vinario
956 1145 968 1166 ‚
997 1127 1088 1152 cum
1114 1113 1158 1152 id
1180 1114 1348 1166 proprie
1368 1113 1430 1152 sic
1449 1111 1609 1153 dicere-

189 1178 259 1207 tur
279 1168 389 1223 quod
414 1180 574 1208 acetum
596 1169 856 1218 asservabat,
889 1179 939 1208 ut
957 1170 1193 1207 Athenaeus
1215 1167 1398 1208 ostendit
1415 1168 1510 1208 libr.
1532 1168 1607 1208 XI.

190 1233 234 1264 et
258 1224 471 1277 Colloqaia
500 1223 788 1265 Scholastica.-
814 1224 1111 1275 Acetabulum,
1142 1223 1370 1278 ὀξυβάφων.
1398 1225 1610 1276 Antipha·

189 1282 257 1319 nis·
282 1284 473 1323 Μυστίὸα
499 1281 602 1319 citat
638 1281 895 1334 Porphyrius
933 1281 1026 1334 περὶ
1060 1278 1240 1334 ’Λποχῆς
1271 1279 1347 1320 lib.
1377 1279 1436 1318 II.
1477 1282 1515 1328 §-
1548 1293 1611 1332 17.

190 1335 337 1388 ibique
374 1335 424 1376 de
451 1350 549 1375 vero
582 1339 696 1374 cultu
724 1336 871 1375 divino
893 1336 1102 1390 egregium
1129 1335 1228 1374 inde
1250 1335 1436 1389 fragmen
1460 1333 1610 1384 habet;

191 1390 446 1444 videturque
481 1391 663 1429 Comicus
692 1391 961 1444 praecipuum
995 1390 1039 1429 id
1066 1391 1109 1429 in
1141 1390 1219 1429 hac
1251 1390 1394 1429 fabula
1416 1398 1612 1430 tractasse

193 1456 495 1500 argumentum,
525 1456 574 1484 ut
596 1456 813 1499 corruptas
841 1460 1048 1486 sacrorum
1071 1449 1181 1500 leges
1201 1455 1327 1498 atque
1358 1445 1612 1485 ceremonias

190 1511 398 1555 pungeret
421 1504 584 1541 occulte
602 1511 644 1541 et
673 1503 938 1555 perfricaret,
971 1501 1065 1540 dum
1087 1501 1253 1540 interi-m
1274 1501 1345 1540 illa
1364 1511 1505 1540 nancta
1525 1501 1608 1539 ini-

191 1557 378 1611 tiataque
399 1557 554 1596 femina
582 1571 716 1596 veram
739 1558 983 1611 religionem
1015 1559 1252 1611 cultumque
1272 1555 1410 1596 divini
1428 1555 1613 1595 numinis

191 1622 351 1651 castum
378 1613 656 1666 praeciperet,
687 1614 759 1667 qui
789 1627 873 1652 non
906 1626 1056 1665 pompa
1077 1621 1119 1651 et
1133 1610 1369 1664 sumptibus
1389 1611 1613 1660 immensis,

195 1667 270 1707 sed
286 1677 422 1707 mente
448 1682 547 1720 pura
583 1668 818 1721 frugalique
853 1667 1107 1720 parsimonia
1141 1677 1320 1710 constat.
1350 1666 1522 1706 omnino
1552 1670 1614 1707 le-

194 1722 357 1778 gendus
377 1724 446 1762 ille
468 1723 577 1776 apud
601 1724 873 1776 Porphyrium
889 1727 1022 1763 locus.
1058 1722 1311 1775 Hesychius.-
1341 1724 1513 1775 Mvvu'G,
1542 1739 1614 1777 με·

193 1780 386 1832 μυημὲνη.
412 1779 635 1831 Κεραμέων
653 1793 744 1818 cum
758 1780 946 1817 Kuehnio
966 1778 1101 1817 textui
1121 1776 1286 1817 reddidi
1306 1792 1380 1830 pro
1399 1782 1612 1832 κεραμίων.

196 1836 338 1884 σκεῦος
363 1836 579 1888 κεραμεοῦν
611 1834 720 1886 apud
745 1835 942 1872 Nostrum
959 1833 1182 1887 aliquoties
1201 1832 1449 1884 habuimus,
1480 1844 1523 1874 et
1542 1835 1613 1872 in—

196 1889 329 1928 finitis
350 1891 453 1929 locis
482 1891 525 1928 in
548 1891 751 1928 Athenaei
769 1890 840 1930 lib.
871 1890 947 1931 XI.
1127 1888 1151 1949 ξ

306 1954 379 2003 viv
397 1958 555 2010 χυτρίαν
572 1986 583 2001 ,
615 1957 721 2008 etc‚]
752 1957 843 1997 MS.
873 1954 1060 2010 χύτριαν,
1087 1975 1122 1998 τ.
1143 1952 1193 1997 ‘m
1222 1953 1272 2005 ἢν
1288 1957 1393 2009 ἐφερ.
1422 1952 1616 2011 ἵν”ἕχοιμι

197 2010 480 2064 συνθεάτριαν·
514 2015 668 2065 εἴρηται
697 2022 775 2051 etc.
833 2013 1014 2067 Elegans
1043 2015 1174 2061 locus,
1203 2011 1276 2065 qui
1298 2025 1438 2052 versus
1465 2012 1616 2050 Comici

198 2069 312 2121 ipsos
352 2067 554 2107 continet.
604 2068 782 2120 primum
813 2081 910 2107 vero
942 2068 1134 2121 χυτραῖαν
1158 2065 1380 2120 legendum
1414 2077 1541 2120 puto,
1571 2067 1615 2106 id

198 2124 493 2174 est,fictilem.
533 2123 594 2161 sic
620 2136 745 2173 supra
771 2136 896 2176 segm.
925 2123 990 2164 50.
1022 2124 1159 2176 τεῦχος
1192 2123 1435 2175 κεραμεοῦν,
1464 2122 1613 2175 γήϊνον.

197 2180 404 2232 χυτραῒον,
437 2178 619 2232 χαλκοῦν.
675 2178 762 2215 Iam
793 2188 939 2217 totum·
961 2179 1097 2216 locum
1127 2177 1186 2215 ita
1213 2177 1518 2230 concipiamus:
1547 2179 1616 2221 καὶ

197 2234 271 2285 τήν
288 2238 330 2277 ἐν
346 2231 664 2288 Ἀριστοφάνους
683 2231 841 2281 Zama}
859 2228 1262 2285 καταλαμβανούσαις
1281 2230 1480 2286 λήκυθονῇ
1502 2277 1508 2283 ,

409 2310 482 2363 τήν
510 2309 790 2361 ἑπτακότυλον,
819 2307 890 2359 τήν
917 2311 1126 2363 χυιραιάν,
1154 2305 1225 2358 τήν
1251 2306 1393 2360 καλήν,

409 2367 458 2419 ἢν
491 2365 710 2421 ἐφερόμην,
742 2362 802 2407 ἵν’
828 2364 954 2419 ἔχοιμι
981 2361 1259 2417 συνθεᾶτριαν.

197 2445 386 2486 Eundem
408 2446 519 2486 hunc
539 2449 678 2485 locum
701 2443 950 2496 respiciebat
979 2441 1140 2482 scilicet
1157 2442 1305 2481 Noster
1322 2455 1459 2496 supra,
1489 2457 1615 2498 quum

197 2499 465 2553 συνθειίιριαν
500 2500 821 2552 Aristophanem
861 2497 1017 2540 dixisse
1046 2495 1202 2537 diceret
1230 2497 1313 2551 lv,
1344 2510 1436 2541 121.
1466 2509 1510 2540 et
1539 2500 1615 2550 VI,

201 2556 292 2599 158.
324 2557 514 2598 meminit
531 2567 574 2597 et
594 2557 654 2604 ΙΙ,
684 2554 748 2596 56.
804 2554 932 2596 que.
