1690 2996
178 155 293 197 1368
815 150 869 192 X.
927 153 994 196 35.

186 275 353 317 prorsus
378 269 514 300 autem
537 260 628 300 eius
649 259 756 300 hanc
780 276 864 302 esse
880 262 1058 318 'figuram
1081 273 1183 317 puto
1198 293 1210 312 ,
1245 273 1427 318 quatuor
1444 260 1612 306 ‘scilicet

189 319 378 357 innixum
411 316 609 369 pedibus,
651 319 760 356 unde
784 319 987 370 grabata-⁹
1015 323 1137 371 tripes
1166 321 1388 368 Martiali,
1425 322 1497 373 qui
1524 335 1610 360 uno

190 373 434 412 destituitur
461 372 586 424 pede,
628 386 801 425 quorum
834 374 920 412 bini
951 377 1176 414 anteriores
1206 376 1510 427 posterioribus
1530 375 1613 414 de-

187 428 413 482 pressiores
444 437 559 466 erant
583 429 833 483 etiucurvi3
865 440 905 468 et
928 444 1014 468 eam
1038 431 1089 469 ob
1114 431 1315 468 rationem
1344 430 1612 470 Grammatici

187 498 330 523 vocem
353 482 559 522 deduxere
582 481 662 524 ἀπό
677 486 742 525 τοῦ
758 483 1007 536 σκιμπάζειν,
1040 489 1266 539 χωλαίνειν,
1283 492 1419 538 ‘quam
1443 490 1611 539 propter

189 553 350 579 causam
373 537 527 575 dictum
548 549 587 576 et
608 539 932 593 χωλοκράββατον
951 545 1016 580 vel
1033 540 1158 594 χωλόν
1180 540 1418 593 κρόββαιον.
1456 542 1612 579 suidas

188 597 232 634 in
270 597 478 644 σκίμπους.
535 595 827 646 Aristophanis
874 597 1129 634 scholiastae
1169 598 1450 648 Etymologum
1491 595 1611 637 adde.

184 648 403 699 Ἀσκάντης
432 663 533 688 vero
569 649 675 687 idem
707 651 778 702 qui
808 654 1023 704 σκίμπους·
1062 653 1138 702 ἔξει
1163 651 1230 694 τόν
1259 646 1459 700 viandum·
1476 650 1612 705 λαβών

186 707 229 745 in
250 707 438 745 Nubibus
459 706 769 756 Aristophanis.
802 707 963 745 dixerat
995 708 1075 746 iam
1101 717 1194 748 ante
1214 711 1419 759 σκίμπούα.
1461 708 1611 746 Gram-

185 765 363 801 maticus
385 761 603 812 antiquus:
633 765 848 812 σκίμποδα,
878 765 1024 815 δίφρου
1047 781 1085 804 τι
1107 764 1232 812 εἶδος,
1264 762 1368 813 ἤτόν
1402 759 1611 816 κράβατον.

187 818 237 858 ad
259 817 509 868 Hesychium
541 815 631 860 adi,
663 819 946 870 Etymologum
974 828 1013 857 et
1037 818 1233 870 Suidam,
1263 819 1335 872 qui
1358 819 1513 858 Comici
1541 820 1612 858 lo-

186 889 277 913 cum
307 871 496 911 adduxit.
536 873 755 910 Lacianas
785 874 827 910 in
856 874 1114 925 Lexiplzane:
1152 873 1298 916 ἔκειντο
1329 876 1371 915 δὲ
1393 876 1462 916 καὶ
1485 873 1611 917 ὄκλα-

182 933 268 972 δίαι
307 931 374 970 καὶ
401 923 618 968 οἷσκάνται·
656 927 730 965 ubi
762 931 850 981 lege
880 928 1257 967 commentatorem
1287 938 1493 977 veterem,
1535 929 1612 984 qui

185 986 230 1024 in
254 983 489 1035 nuperrima
516 982 684 1020 maximi
717 982 888 1020 Graevii
909 983 1097 1022 editione
1122 987 1253 1023 lucem
1279 983 1484 1038 adspexit.
1524 988 1526 990 ’

294 1039 517 1091 Μεσηνίᾳ]
564 1037 609 1078 G.
641 1038 692 1077 V.
732 1041 973 1092 Μεσσηνίᾳ,
1011 1039 1077 1077 uti
1104 1042 1256 1079 lectum
1287 1040 1332 1078 in
1370 1039 1610 1092 specimine.

183 1098 362 1136 Kumm.
599 1136 601 1138 .

291 1151 506 1204 Μεσηνίᾳ]
533 1149 719 1188 Eruenda
740 1152 972 1203 ῘΡΙεσσηνῖᾳ,
1001 1159 1048 1188 ut
1063 1150 1153 1193 MS.
1181 1150 1328 1202 habet,
1359 1149 1519 1203 duplici
1545 1165 1608 1193 σσ.

182 1209 253 1251 Sie
276 1210 530 1246 Messeniam
546 1206 646 1244 hinc
671 1204 806 1244 adfert
829 1207 951 1245 etiam
978 1206 1154 1246 Cas-aab.
1172 1216 1316 1245 noster
1353 1206 1427 1247 IV.
1456 1207 1609 1250 Athen.

182 1277 246 1306 22.
305 1264 430 1304 Imm.

293 1319 506 1370 Μεσηνίᾴ]
547 1317 608 1356 Ut
643 1317 857 1354 Kuehnias
888 1317 930 1354 in
962 1326 1082 1355 textu
1111 1316 1320 1364 restituit,
1352 1316 1413 1355 sic
1446 1325 1488 1356 et
1507 1317 1609 1356 olim

183 1374 506 1429 legit'Meursius
524 1373 566 1410 in
581 1373 844 1410 Bibliotheca
860 1373 1028 1411 Graeca.
1087 1371 1366 1411 Rlzintlzonem
1383 1371 1610 1424 aliquoties

185 1430 355 1470 adducit
376 1439 520 1467 testem
551 1429 804 1480 Ilesyclzim,
858 1428 1032 1478 eiusque
1061 1428 1250 1465 Mea'eam
1281 1427 1324 1465 in
1361 1425 1608 1480 Κομᾶκτωρ·

182 1496 223 1527 et
250 1487 366 1524 illum
398 1484 570 1522 natione
590 1483 860 1522 Tarentinum
889 1484 1119 1536 principem
1149 1483 1300 1531 fuisse,
1342 1483 1415 1536 qui
1446 1482 1608 1521 hilaro-

183 1540 462 1595 tragoediam,
498 1542 565 1578 vel
597 1541 924 1592 ᾳλυακογραᾳίαν
958 1538 1184 1585 invenerit,
1223 1538 1375 1576 Suidas
1407 1537 1607 1591 prodidit,

183 1599 302 1638 cuius
333 1599 469 1635 locum
499 1594 740 1633 foedissima
772 1597 931 1632 macula
960 1593 1156 1632 liberavit
1181 1594 1382 1631 maximus
1407 1594 1458 1634 ad
1478 1595 1610 1635 Athe-

185 1667 331 1692 naeum
357 1651 685 1692 Animadversor.
719 1649 886 1688 videtur
915 1651 1053 1702 itaque
1081 1662 1102 1686 a
1131 1648 1282 1687 Siculis
1311 1658 1434 1701 atque
1455 1651 1608 1689 Taren.

185 1710 287 1749 tinis
312 1707 559 1746 vocabulum
586 1705 692 1744 illud
720 1719 928 1744 emanasse
948 1704 996 1742 ad
1026 1707 1236 1757 vulgarem
1263 1705 1460 1744 Graeciae
1481 1704 1609 1745 diale-

184 1775 295 1804 ctum
316 1773 356 1802 et
371 1764 595 1802 Romanos.
628 1762 671 1798 in
695 1762 908 1799 volumitie
925 1760 982 1800 N.
1006 1761 1054 1798 T.
1074 1773 1189 1798 sacro
1218 1760 1445 1812 reperitur,
1474 1761 1608 1802 Marc.

183 1820 240 1860 11.
272 1834 312 1859 v.
348 1832 409 1858 ιι.
453 1817 529 1855 ubi
558 1819 684 1868 Syrus
717 1827 844 1867 ›za-m,
876 1826 917 1856 et
948 1816 1105 1868 optime
1135 1815 1273 1853 Arabs
1301 1816 1473 1866 Erpem'i
1499 1827 1607 1858 *flu-m,

190 1875 454 1925 Theophanes
501 1883 638 1911 autem
673 1873 883 1910 Ceramcue
910 1874 1034 1910 Hom.
1067 1884 1146 1922 qua
1178 1869 1257 1908 filii
1287 1869 1439 1909 viduae
1467 1870 1607 1911 histo-

182 1932 284 1970 riam
324 1943 374 1967 ex
403 1928 647 1980 Euangeliis
690 1937 873 1976 enarrat,
929 1928 1112 1978 σκίμποδι
1151 1935 1193 1964 et
1227 1924 1442 1980 κραββᾷτῳ
1470 1927 1608 1967 utitur

181 1985 430 2040 promiscue.
461 1983 504 2021 in
531 1984 710 2022 Arriani
727 1984 966 2033 Epictett'cis
986 1982 1180 2020 scribitur
1211 1981 1334 2020 etiam
1366 1980 1607 2035 γρᾶββατος,

185 2041 298 2096 quod
321 2039 555 2078 aRomanis
576 2048 802 2090 sumptum.
835 2038 1072 2078 Petronius:
1096 2038 1178 2085 ille,
1200 2044 1245 2074 ut
1263 2051 1304 2074 se
1320 2039 1365 2074 in
1379 2038 1608 2090 grabatum

181 2099 337 2136 reiecit.
374 2093 594 2149 κραβάττια
629 2094 713 2147 legi
742 2093 850 2145 apud
884 2094 1078 2144 Cyrillum
1108 2092 1490 2144 Scythopolitanum
1513 2094 1605 2134 Vit.

184 2154 318 2192 Sabae
345 2165 433 2203 cap.
465 2149 530 2203 75.
565 2151 822 2199 νοσοκομεῖον
864 2147 1005 2189 ἑκατόν
1040 2150 1310 2201 κραβαττίωυ·
1347 2157 1397 2186 ut
1428 2151 1606 2189 lectulos

182 2209 279 2248 illos
307 2208 448 2260 itaque
476 2205 638 2258 positos
670 2205 713 2242 in
746 2204 1012 2252 nosocomiis,
1044 2205 1086 2240 in
1117 2203 1266 2257 quibus
1295 2202 1408 2256 aegri
1438 2203 1606 2244 decum-

180 2264 359 2313 bebant,
413 2263 473 2301 ita
508 2261 644 2300 dictos
684 2258 840 2297 videas.
910 2258 991 2297 Sed
1029 2259 1102 2296 illa
1134 2271 1220 2297 non
1250 2257 1332 2296 hoc
1361 2259 1456 2298 loco
1486 2272 1606 2313 agere

180 2329 397 2359 constitui.

291 2378 360 2416 καὶ
391 2370 468 2427 τῷ]
522 2370 614 2413 MS.
655 2373 723 2413 καῖ
755 2369 854 2412 τῶν·
902 2367 974 2407 sed
1006 2365 1413 2421 emendatumyecte
1447 2377 1510 2408 eat
1535 2363 1603 2424 τῷ.

179 2431 404 2470 IUNGERM.

289 2481 543 2535 “Ρι’νθωνος]
594 2484 660 2523 καὶ
696 2478 753 2534 τῷ
785 2480 974 2528 Ῥἰτωνος
1006 2477 1109 2532 legit
1139 2477 1199 2517 C.‘
1221 2477 1271 2518 A.
1312 2479 1428 2517 male.
1477 2487 1604 2517 notus

182 2542 291 2581 enim
326 2550 388 2579 est
419 2539 631 2577 Rhintlzon
654 2539 903 2576 Tarentinus
929 2536 1128 2574 Comicus.
1170 2531 1266 2571 vide
1297 2533 1526 2572 Ciceronem
1553 2532 1606 2572 ad

180 2598 374 2637 Atticum
395 2595 430 2636 Ι.
472 2596 607 2648 Epist.
637 2593 807 2645 ultima,
838 2590 1035 2632 Euatath.
1066 2590 1111 2628 in
1137 2589 1384 2642 Dionyu‘um
1411 2603 1505 2645 pag.
1534 2586 1605 2632 55.
