1716 3016
183 83 296 124 1040.
813 79 891 121 IX.
949 83 1016 125 76.

183 194 252 248 gie
268 205 404 232 veram
424 191 648 233 lectionem
670 189 820 232 habet:
856 191 1110 240 Hatadoacr
1125 187 1258 234 παῗλον
1278 188 1340 242 δέ,
1367 187 1416 233 vti
1436 187 1612 246 νόμισμα

182 258 261 290 etc.
280 247 446 301 egregie
461 249 611 288 iterum
631 246 748 287 dico:
781 258 989 287 monetam
1006 248 1134 295 illam,
1166 250 1233 288 vel
1245 246 1484 301 παρθένους
1499 248 1611 298 illas,

180 303 382 349 Atticam,
410 303 596 343 Eubulus
622 313 748 344 vocat
768 299 1007 354 Hauddag·
1057 303 1375 343 Corinthiorum
1400 311 1500 343 vero
1530 317 1613 341 nu-

181 360 326 399 misma
344 363 479 401 ποῖλον
499 367 643 399 vocat:
669 367 891 413 utrumque
906 359 1100 398 nimirum
1118 358 1168 397 ab
1186 359 1397 412 insculpta
1410 357 1609 412 imagine:

181 417 344 454 nullum
367 412 702 463 νει-σ’Παλλᾶδος
718 412 848 457 πῶλον
875 416 967 468 quis
992 413 1242 466 nominavit,
1276 424 1396 467 puto.
1451 415 1502 453 ln
1525 413 1612 452 illis

182 466 321 523 κόραις
349 469 475 521 enim,
504 470 595 511 sive
620 472 852 523 παρθένοις,
881 471 970 511 sive
995 468 1220 520 Παλλάσιν,
1250 479 1336 509 erat
1355 470 1505 508 Pallas
1526 468 1614 508 vir.

183 525 317 581 ginali
350 526 459 566 facie
483 540 539 566 ex
567 541 650 566 una
676 536 816 580 parte,
856 540 911 566 ex
943 529 1071 566 altera
1104 539 1203 565 vero
1234 539 1321 564 non
1355 525 1501 574 πῶλος,
1539 523 1613 564 sed

182 578 322 636 γλαῦξ,
350 590 398 621 ut
415 595 470 622 ex
484 583 687 636 Hesychia
708 581 832 621 modo
854 581 1055 631 habuisti,
1076 590 1118 620 et
1140 580 1252 634 apud
1265 581 1466 620 eundem:
1487 581 1615 622 Γλαῦ-

183 653 250 686 κες
283 639 561 689 amomum,
605 633 907 694 Ἀριστοφάνης
930 638 1133 689 ”ορνισιν”
1172 641 1211 679 οἱ
1253 632 1614 692 ἄργυροστατῆρες’

186 693 258 746 (an
278 690 451 746 ἀργυροῖ
465 692 653 750 orat-Q&
670 696 835 748 Λαυρίῳ
854 691 929 747 γοῖρ
946 691 995 736 τοὶ
1005 694 1176 745 μέταλλα
1194 690 1243 733 w?
1259 687 1473 747 α’ργυραῖα·
1497 691 1615 742 (scri-

185 749 238 789 be
269 746 480 802 ᾰργυρεῖα)
513 750 637 805 γλαῦξ
663 752 706 792 δὲ
734 749 778 791 τό
805 746 1059 804 ἐπιχάραγμα
1090 749 1162 791 τοῦ
1187 753 1405 803 σιατῆρος·
1438 757 1478 787 et
1506 747 1614 786 idem

185 814 326 844 antea:
363 804 504 860 γλαύξ,
547 803 719 859 νόμισμα
743 804 940 860 Ἀθήνῃσι
971 799 1273 858 τετράδραχμον.
1339 803 1410 843 Sic
1427 812 1550 855 supra
1572 802 1616 840 in

186 860 358 900 diobolo
384 875 436 900 ex
456 876 540 900 una
563 873 679 914 parte
701 863 813 900 Iovis
843 861 988 911 facies,
1020 874 1072 900 ex
1103 862 1231 899 altera
1259 872 1428 913 quoque
1459 867 1614 897 noctua

185 926 286 956 erat.
346 916 458 968 lpsas
480 926 616 957 autem
632 915 766 970 κόρας,
800 914 844 954 id
859 925 934 965 est,
958 916 1122 968 puellas
1142 929 1216 953 seu
1235 917 1428 967 virgines,
1460 913 1614 951 Graeci

185 972 384 1010 Pallades
421 973 545 1011 etiam
587 973 812 1018 vocabant,
851 981 899 1008 ut
930 974 1084 1010 clarum
1116 970 1218 1010 facit
1250 970 1470 1008 Strabonis
1498 971 1615 1007 locus

184 1026 282 1071 libr.
301 1026 437 1068 XVII.
467 1027 622 1082 Geogr-
644 1030 695 1082 τῷ
715 1028 756 1070 δὲ
774 1028 854 1070 Διῒ
867 1023 1132 1074 εὐειδεστάτη,
1169 1028 1236 1068 καὶ
1262 1026 1402 1081 γένους
1435 1029 1619 1075 λαμπρο-

185 1080 305 1124 τάτου
326 1083 526 1135 παρθένος
550 1085 721 1139 ἱερᾶται,
750 1082 800 1134 ἃς
817 1084 1006 1126 καλοῦσιν
1034 1084 1075 1124 οἱ
1090 1076 1284 1132 ’Έλληνες
1303 1079 1520 1127 Παλλάδας
1538 1089 1616 1118 etc.

185 1139 309 1177 Hane
346 1139 570 1179 lectionem
613 1140 716 1180 bene
749 1139 859 1178 enim
907 1137 1094 1178 vindicat
1140 1151 1312 1191 magnus
1353 1136 1620 1175 casaubonus

188 1194 349 1234 Comm.
381 1193 431 1232 ad
469 1195 659 1236 strabon.
687 1194 761 1234 lib.
781 1194 921 1233 XVII.
954 1202 1098 1232 contra
1121 1192 1384 1244 Xylandrum
1413 1191 1620 1237 πάλλακας

187 1249 496 1300 emendantem,
535 1251 779 1304 profertque
821 1259 863 1289 et
898 1249 1116 1290 Eustatlzii
1153 1250 1292 1286 locum
1334 1247 1471 1286 hunc:
1511 1246 1538 1296 η’
1575 1247 1618 1287 δὲ

188 1307 345 1358 ἱστορία
361 1308 422 1354 εἰς
439 1305 562 1348 αὕιᾶν
585 1306 670 1360 ἄγει
691 1303 742 1362 τῇ
757 1306 914 1348 νεανίδι
941 1303 1015 1354 τήν
1041 1302 1236 1354 naudelu,
1265 1303 1367 1345 οὕτω
1393 1300 1504 1355 παριιῖ
1534 1303 1619 1350 τοῖς

187 1361 370 1408 παλαιοῖς
387 1360 459 1410 τοῖς
476 1365 669 1416 μείρακας
691 1358 960 1412 ὀνομάζεσθαι
978 1360 1153 1413 λέγουσα.
1212 1359 1356 1398 Locus
1382 1367 1446 1398 est
1465 1359 1511 1396 in
1543 1375 1619 1398 πα-

187 1419 394 1471 ρεκβολαῖς
414 1415 463 1455 ad
481 1417 550 1460 Ἰλ.
573 1437 610 1461 α.
630 1418 702 1457 ubi
723 1418 841 1456 addit
868 1416 959 1469 pari
989 1414 1111 1458 modo
1141 1414 1191 1453 ab
1223 1414 1369 1453 iisdem
1408 1413 1617 1453 veteribus

185 1471 413 1522 πάλλαντας
433 1471 569 1513 dictos
599 1475 687 1524 τοῦς
709 1475 834 1525 νέους,
868 1471 995 1527 idque
1027 1469 1139 1524 apud
1158 1470 1422 1509 Philisu'dem
1447 1469 1493 1508 in
1523 1482 1619 1524 cuy-

187 1531 359 1585 γενικοῖς
389 1539 544 1569 extare.
575 1531 701 1570 Iuno.

300 1579 541 1638 Παλλάδος]
579 1585 886 1636 Restituimus,
923 1584 1097 1623 favente
1135 1582 1455 1633 lungo-manno,
1496 1581 1618 1621 MSS.

187 1640 438 1681 lectionem-2
469 1641 611 1693 inepta
636 1651 696 1681 est
721 1641 847 1681 edita.
889 1653 936 1679 ac
964 1637 1155 1678 veritatis
1185 1636 1354 1676 absona.
1394 1636 1532 1689 possit
1557 1646 1622 1675 ta-

189 1710 283 1735 men
303 1706 346 1736 et
365 1697 494 1745 πῶλος
509 1700 552 1739 δὲ
572 1711 657 1736 non
686 1699 791 1736 male
812 1697 910 1750 legi,
940 1704 988 1734 ut
1005 1694 1084 1732 ista
1118 1692 1168 1732 de
1194 1689 1312 1746 πώλῳ
1341 1692 1393 1731 ad
1412 1693 1622 1731 Eubulum

189 1766 275 1791 non
295 1754 529 1806 pertineant
547 1754 740 1804 amplius,
770 1751 842 1791 sed
862 1752 962 1790 haec
993 1759 1176 1797 tantum,
1212 1762 1318 1802 quae
1349 1747 1405 1786 de
1419 1747 1619 1786 Pallade:-

190 1809 278 1848 bus.
336 1808 492 1847 Eubuli
507 1809 718 1847 Anchisen
737 1807 919 1846 fabulam
944 1815 985 1845 et
1012 1818 1135 1858 supra
1157 1804 1232 1850 VI,
1265 1817 1330 1844 11.
1359 1801 1510 1842 Noster
1537 1816 1619 1840 no-

190 1862 382 1912 minavit,
422 1862 674 1902 habebamus
714 1873 756 1901 et
793 1862 875 1901 hoo
913 1861 1053 1914 capite
1081 1858 1266 1899 eiusdem
1296 1858 1415 1897 tituli
1437 1858 1620 1897 conscri-

190 1929 304 1972 ptam
325 1918 375 1956 ab
392 1919 693 1957 Anaxandride
710 1917 994 1958 comoediam.
1053 1913 1370 1954 Corinthiorum
1392 1927 1491 1953 vero
1502 1927 1622 1952 num.

191 1988 279 2013 mos
296 1974 500 2027 Pegasum
532 1974 730 2014 habuisse
761 1975 1004 2026 impressum
1037 1985 1088 2011 ex
1115 1968 1433 2023 superstitibus,
1473 1968 1620 2023 quiin

192 2029 380 2068 eruditae
401 2029 670 2083 antiquitatis
702 2029 884 2067 archivis
909 2027 1206 2074 adservantur,
1241 2025 1430 2077 conspici
1460 2033 1619 2076 potest:

192 2085 315 2124 binos
346 2083 513 2136 addidi,
553 2099 727 2138 quorum
771 2085 929 2137 primus
959 2084 1050 2122 sine
1078 2084 1160 2120 una
1187 2076 1386 2136 ἔπιγραᾳῇ
1415 2081 1622 2130 Pegasum

194 2140 244 2181 ab
262 2140 340 2179 hac
357 2150 487 2194 parte,
527 2139 576 2179 ab
609 2142 735 2179 altera
765 2153 862 2179 vero
880 2141 1098 2176 Minervae
1129 2145 1254 2187 caput
1284 2135 1423 2175 habet.
1463 2137 1620 2173 Miner-

193 2210 290 2236 vam
308 2205 444 2236 autem
467 2211 489 2235 a
514 2195 751 2236 Corinthiis
780 2193 931 2234 eximie
957 2195 1109 2233 cultam
1135 2205 1227 2230 cum
1250 2190 1420 2230 aliunde
1448 2190 1618 2237 scimus,

196 2262 282 2291 tum
325 2265 377 2292 ex
407 2252 642 2292 Pausaniae
674 2250 974 2299 Corinthiacis,
1023 2261 1199 2302 quorum
1242 2246 1478 2299 praecipue*
1494 2252 1621 2294 caput

196 2317 386 2362 quartum
403 2306 517 2347 hune
533 2306 654 2346 nobis
679 2319 890 2343 nummum
914 2301 1142 2342 illustrabit
1171 2305 1393 2354 eleganter,
1425 2299 1500 2337 ubi
1518 2298 1621 2338 Pal-

196 2363 333 2401 ladem
362 2363 489 2403 refert
525 2361 852 2413 Bellerophonti,
893 2369 980 2397 tum
1004 2358 1047 2396 in
1079 2357 1172 2395 aliis
1200 2355 1320 2395 rebus
1356 2354 1619 2406 casibusque,

198 2431 290 2457 cum
326 2431 424 2470 prae
457 2417 606 2458 ceteris
634 2417 678 2456 in
706 2413 911 2455 domando
941 2417 1101 2465 Pegaso
1130 2410 1445 2464 fraenandoque
1473 2411 1620 2448 tulisse

196 2473 424 2525 suppetias,
454 2472 567 2513 unde
588 2482 631 2512 et
651 2472 732 2525 ipsi
766 2483 917 2509 nomen
943 2471 1002 2508 sit
1020 2469 1236 2514 Χαλινίτις.
1294 2465 1413 2504 Alter
1444 2478 1544 2504 vero
1572 2463 1620 2502 in

196 2528 418 2569 Hadriani
431 2542 553 2569 cusus
574 2529 772 2569 honorem
794 2525 963 2566 exhibet
973 2522 1343 2574 Bellerophontem,
1372 2519 1447 2574 qui
1465 2522 1622 2572 Pegaso
