1630 2976
189 104 298 145 1936
441 96 827 141 'BENTLEII
854 96 1261 140 EPISTOLAE.

190 211 249 252 sis
281 209 424 250 lituris
452 211 578 249 multa
606 208 813 264 expiscari
849 222 1037 263 possem,
1081 222 1189 262 quae
1221 209 1329 250 alius
1357 209 1547 251 cuiusvis

193 265 600 306 animadversionum
624 279 805 304 mearum
831 265 955 304 inscii
983 274 1025 304 et
1042 267 1190 305 oculos
1207 275 1248 306 et
1273 275 1452 306 mentem
1474 267 1549 306 fu-

196 336 293 379 gere
331 331 394 360 est
425 335 609 366 necesse.
665 323 758 372 Tu,
798 319 910 414 qlpod
942 319 1161 360 commodo
1192 330 1330 360 tamen
1359 330 1436 362 tuo
1463 321 1548 374 flat,

198 378 448 431 experieris,
476 391 527 416 an
541 391 596 417 ex
615 375 805 417 claustris
847 375 1245 417 ibliothecaecodex
1263 377 1336 417 ille
1358 376 1444 417 huc
1453 392 1551 419 evo-

197 438 284 475 lare
301 432 472 487 poterit.

314 489 508 528 Ceterum
533 487 586 528 ob
610 486 789 527 nitidam
809 488 921 527 illam
936 497 977 528 et
989 485 1250 542 magnificam
1268 487 1454 528 Pollucis
1464 487 1552 529 edi·

200 546 360 588 tionem
380 544 518 596 (cuius
539 547 750 598 exemplar
772 544 979 584 continuo
999 553 1046 582 ut
1066 542 1227 598 prodiit
1247 543 1351 582 mihi
1383 558 1551 598 compa·

199 600 319 657 ravi)
353 614 457 655 quas
491 600 571 639 tibi
603 600 756 655 gratias
794 600 896 639 satis
933 599 1081 654 dignas
1116 599 1342 639 referemus
1359 599 1380 639 ‘2
1433 601 1555 640 Deus

200 658 325 707 bone,
348 670 454 710 quae
477 655 697 703 industria,
719 669 825 710 quae
845 654 1044 698 eruditio.
1064 653 1182 708 quod
1197 654 1420 706 iudicium,
1439 655 1557 710 quod

204 727 394 762 acumen,
436 726 512 752 uae
535 711 636 751 fides
654 712 808 766 ubique
826 711 994 751 elucet?
1026 710 1166 750 Unum
1189 709 1269 749 tibi
1290 709 1559 752 defuissedo-

204 772 273 810 leo
294 727 432 823 (quod
466 782 486 807 a
511 781 604 808 vera
628 767 812 807 amicitia
834 768 1071 821 profectum
1092 765 1237 820 aequis
1255 765 1424 807 auribus
1443 765 1560 807 acci-

205 826 342 880 pies),
376 824 573 864 maiorem
593 823 654 863 rei
679 823 875 863 metricae
895 823 1102 875 peritiam.
1134 851 1137 854 ψ
1161 821 1270 861 Cum
1289 823 1400 862 enim
1423 832 1558 863 cetera

206 882 250 920 in
284 882 459 920 Polluce
493 880 581 919 fere
609 879 748 919 omnia
779 893 865 919 non
894 880 952 918 ita
973 891 1123 933 magno
1141 877 1286 918 labore
1307 877 1495 930 expediri
1520 889 1563 919 et

206 937 377 978 restitui
397 935 565 990 possint
589 949 641 974 ex
661 934 758 973 aliis
776 935 946 973 Lexicis
961 953 984 988 3-
1013 936 1055 973 in
1077 933 1322 988 fragmentis
1343 947 1442 974 vero
1464 948 1568 986 poe-

173 994 179 1017 ;
208 996 376 1037 tarum,v
395 992 500 1044 quae
525 989 706 1029 subinde
723 989 1007 1040 adducuntur,
1036 998 1152 1030 reete
1169 987 1422 1044 refingendis
1435 989 1471 1028 is
1490 990 1564 1030 de·

150 1059 320 1093 9omum
350 1047 504 1086 arduus
531 1047 586 1085 sit
611 1046 730 1086 labor
758 1055 800 1084 et
828 1047 1114 1098 periculosus.-
1151 1045 1255 1084 haec
1284 1042 1358 1099 qui
1388 1045 1481 1086 sine
1500 1045 1562 1086 rei

210 1104 406 1145 metricae
445 1102 637 1142 doctrina
678 1101 791 1141 ausit
829 1102 1059 1156 attingere,
1097 1098 1276 1156 perinde
1314 1110 1396 1152 est,
1442 1114 1491 1142 ae
1523 1102 1562 1141 si

210 1162 254 1200 in
292 1158 610 1212 Labyrinthum
637 1172 680 1199 se
707 1158 961 1209 coniecerit,
1014 1158 1107 1198 sine
1135 1155 1198 1197 fili
1229 1156 1440 1210 praesidio
1471 1157 1566 1199 exi.

209 1227 298 1256 tum
321 1225 572 1255 tentaturus.
630 1214 757 1255 Certe
777 1213 849 1267 qui
879 1212 1130 1265 syllabarum
1152 1213 1338 1252 omnium
1357 1213 1575 1266 quantita,

211 1282 293 1313 tem
314 1281 354 1313 et
378 1268 700 1324 omnigenorum
724 1283 916 1309 versuum
939 1282 1171 1308 mensuram
1194 1268 1238 1307 in
1260 1278 1478 1308 numerato
1497 1268 1568 1308 ba-

211 1328 297 1379 b'et,
327 1327 366 1368 ei
386 1325 540 1379 πόριμα
558 1336 682 1365 erunt
699 1328 829 1364 multa
854 1335 894 1365 et
915 1326 1076 1374 facilia,
1111 1324 1321 1378 qusealiis
1343 1322 1422 1363 hae
1434 1324 1568 1364 scien·

213 1384 270 1422 tia
295 1382 509 1422 destitutis
539 1395 711 1434 prorsus
735 1390 835 1419 sunt
851 1381 998 1432 ἄπορα.
1057 1380 1198 1434 Quare
1219 1380 1395 1419 obsecro
1413 1389 1472 1428 te,
1487 1379 1570 1432 *vir

213 1439 384 1485 eximie,
414 1447 455 1478 et
474 1450 726 1491 magnopere
742 1435 911 1485 hortor,
940 1445 988 1475 ut
1007 1445 1049 1475 et
1070 1435 1180 1475 hane
1201 1433 1456 1479 eruditionis
1475 1449 1569 1490 par-

211 1504 295 1535 tem
317 1493 480 1541 ceteris,
510 1506 613 1546 quas
639 1494 850 1531 cumulate
867 1491 974 1531 adeo
993 1490 1208 1545 possides,
1236 1491 1341 1530 velis
1359 1489 1570 1546 adiunge-9

213 1553 272 1598 r'e,
305 1548 475 1604 grande,
507 1546 769 1592 mihicrede.
800 1546 1196 1602 operaepretiumet
1211 1545 1571 1602 mirificamquan·

216 1606 309 1644 clam
331 1607 593 1658 voluptatem
615 1603 714 1643 inde
736 1605 913 1642 laturus.
969 1603 1148 1644 Animos
1171 1611 1307 1642 sutem
1331 1601 1411 1641 tibi
1431 1601 1570 1654 addat,

216 1661 558 1714 documentoque
579 1659 634 1698 sit
660 1658 952 1700 celeberrimus
975 1669 1119 1699 noster
1138 1661 1369 1708 Rusca-us,
1400 1658 1474 1713 qui
1496 1658 1571 1698 ubi

215 1718 426 1771 primuum
460 1716 504 1755 in
529 1712 793 1754 Britanniam
822 1716 988 1769 appulit
1020 1714 1204 1755 editioni
1231 1712 1387 1756 suidas
1405 1728 1572 1754 manum

216 1773 484 1822 admoturus,
520 1769 746 1825 prosodiae
767 1785 865 1810 vero
885 1774 992 1811 ultra
1016 1770 1281 1810 hexametros
1304 1779 1347 1810 et
1366 1770 1572 1825 elegiacos

217 1830 306 1868 fere
330 1829 564 1881 imperitus,
595 1841 659 1867 me
680 1836 852 1866 auctore
863 1837 904 1868 et
927 1840 1120 1877 suasore,
1149 1824 1332 1867 sedulam
1353 1823 1454 1865 huic
1473 1824 1572 1866 doe-

182 1889 186 1898 ¹
216 1885 354 1924 trinae
375 1898 539 1936 operam
564 1883 751 1922 navavit.
807 1881 923 1936 Quid
942 1893 1078 1923 autem
1101 1882 1176 1923 ille
1198 1881 1399 1921 eximium
1425 1881 1570 1922 sivein

217 1939 361 1986 Suida,
395 1954 515 1993 quem
535 1937 914 1978 emendatissimum
938 1937 1070 1990 dedit,
1097 1937 1188 1979 sive
1208 1937 1251 1976 in
1274 1935 1573 1991 Aristophane,

217 2007 338 2052 quem
359 2010 472 2034 nune
496 1996 538 2033 in
567 1994 758 2033 manibus
780 1994 920 2043 habet,
953 1993 1149 2047 perficere
1175 1993 1382 2048 potuisset
1396 1992 1424 2032 *2-
1447 1993 1572 2034 Nihil

218 2060 330 2092 c'erte
353 2051 394 2091 in
418 2049 626 2090 eiusmodi
642 2051 887 2105 fragmentis
909 2050 1063 2104 absque
1078 2048 1249 2102 hacope
1271 2048 1471 2101 proferre,
1485 2049 1572 2090 imo

218 2123 271 2147 ne
291 2107 342 2146 de
365 2108 543 2146 aliorum
567 2106 734 2160 quidem
765 2106 1020 2145 coniecturis
1053 2105 1239 2144 iudicare
1258 2114 1299 2142 et
1319 2117 1574 2157 cognoscere

216 2165 330 2204 licet.
363 2162 944 2217 Qnanuobten·‚etsipaullum
967 2159 1049 2201 otii
1074 2170 1222 2200 nactus
1245 2159 1449 2199 dieculam
1463 2160 1573 2200 hane

219 2218 298 2259 tibi
318 2218 559 2268 impendere
579 2217 734 2267 statui,
778 2227 818 2257 et
842 2219 1048 2270 integrum
1073 2216 1261 2257 Pollucis
1279 2215 1430 2254 librum
1454 2215 1573 2255 deei-

219 2291 329 2314 mum
354 2288 610 2327 percurrere.
643 2287 762 2325 quem
785 2283 828 2311 tu
849 2274 938 2312 inre
959 2273 1145 2312 omnium
1168 2269 1462 2310 difficillimum
1485 2286 1575 2312 esse

219 2339 392 2384 questus
421 2344 489 2376 es;
531 2328 643 2367 haud
667 2340 803 2368 tamen
834 2327 980 2378 mirer,
1011 2330 1045 2366 si
1066 2341 1172 2382 quae
1191 2341 1269 2381 ego
1289 2340 1366 2378 pro
1387 2327 1574 2366 certissi-

220 2389 296 2426 mis
317 2387 466 2435 habe-o,
501 2386 594 2432 tibi,
617 2394 666 2423 ut
687 2398 802 2424 nunc
824 2394 900 2433 est,
924 2386 1099 2434 incerta,
1124 2382 1265 2432 dubia,
1286 2383 1388 2420 falsa
1402 2382 1573 2423 videau-

220 2452 303 2486 ειη,
362 2445 420 2484 Ea
443 2452 579 2480 tamen
605 2450 763 2494 postea,
794 2440 866 2479 ubi
888 2441 929 2478 in
955 2441 1123 2480 metrica
1143 2448 1231 2478 arte
1251 2438 1459 2478 versatior
1481 2439 1572 2478 fue-

221 2499 291 2543 ris,
323 2500 399 2539 τῶν
417 2501 481 2540 ἐπὶ
503 2497 640 2553 Σάγρᾳ
663 2498 836 2538 clariora
862 2495 942 2537 tibi
967 2497 1102 2538 visum
1123 2494 1193 2544 iri,
1222 2491 1335 2533 haud
1356 2507 1487 2534 vanus
1505 2507 1573 2534 va·

219 2563 280 2593 tes
303 2555 571 2609 praenuntio.
