1716 3016
195 131 279 175 930
816 130 894 171 IX.
953 134 1021 175 45.

193 245 282 295 peio
313 240 428 280 vobis
447 242 629 282 'dimensi
658 243 808 281 simus.
831 241 943 297 quod
976 242 1096 283 verba
1121 243 1418 283 ‘Demosthenis
1446 243 1528 285 ista
1549 243 1623 286 vix

195 297 302 337 mihi
320 297 533 346 indicent,
566 298 650 336 nisi
668 297 980 350 διαμετρούμενα
999 302 1145 353 legam.
1203 300 1333 341 lunc.
1370 339 1374 342 ,
1473 347 1475 350 ⁴

287 355 399 418 περὶ
418 330 608 418 δανείου]
641 354 806 393 Priores
823 354 1030 395 editiones
1057 358 1208 398 δανίου.
1263 354 1389 409 Apud
1407 354 1620 395 Demosth.

195 419 332 471 autem
359 410 580 462 inscriptio
609 409 779 448 habet‘
754 412 852 463 υπὲρ
876 413 960 454 δαν.
1020 412 1119 451 San.

303 466 396 519 περι
418 467 619 516 δανείου]
632 465 718 504 In
704 466 807 518 ipsis
827 466 1003 506 oratoris
1022 467 1159 506 verbis
1185 472 1235 506 ex
1253 466 1557 514 Demosthene'
1545 481 1620 504 im·

194 522 446 562 mutavimus
478 520 699 576 quaedam,
737 522 932 560 nimirum
962 536 1037 575 pro
1068 524 1133 564 καὶ
1169 520 1331 571 ταύταις
1357 525 1400 564 δὲ
1429 524 1470 565 ἐν
1502 522 1565 576 τῷ
1576 538 1617 562 π.

194 589 273 618 etc.
305 577 374 619 καὶ
394 577 516 618 ταῦτα
537 580 632 619 ἴστε·
664 591 737 615 cur
756 578 872 616 enim
885 581 1031 617 malam
1051 578 1276 618 lectionem
1297 579 1390 618 sine
1409 591 1535 618 sensu
1556 591 1619 616 re-

193 635 416 682 tineamus,
449 648 542 672 cum
561 633 708 672 melior
727 633 806 672 alia
829 647 883 672 ex
911 634 1001 687 ipso
1024 635 1295 672 Demosthene
1313 633 1500 687 supponi
1522 647 1618 686 pos-

191 691 283 731 sit?
316 691 467 729 vocula
488 703 588 729 vero
610 687 774 736 πάντες,
800 703 921 741 quam
947 691 1236 728 Demosthenes
1253 689 1391 740 habet,
1408 703 1428 727 a
1455 690 1619 738 Polluce

190 746 359 787 videtur
382 745 548 795 omissa,
579 744 691 798 quod
712 743 823 782 h'aud
843 758 935 784 raro
957 745 1137 797 accidit3
1167 755 1278 785 cette
1299 745 1344 784 in
1364 747 1536 799 vulgata
1560 747 1615 783 le·

191 803 336 843 ctione
364 803 478 838 nulla
505 800 594 839 eius
621 809 721 839 sunt
747 801 936 854 vestigia.
993 801 1084 841 Nec
1113 801 1455 854 praetereundum
1490 799 1614 847 duco.

190 867 232 899 et
268 857 378 896 hanc
414 855 744 896 emendationem
773 856 961 896 attulisse
999 859 1227 896 Meursium
1257 855 1310 896 de
1337 856 1493 896 Athen.
1524 856 1612 895 Att.

188 913 262 955 lib.
293 928 324 954 1.
355 926 442 965 cap.
475 923 515 951 2.

298 987 323 1019 η
308 966 383 1010 ’δὲ
403 967 481 1010 τῶν
502 969 703 1019 δημοσίων
722 977 800 1007 etc.
812 973 826 1017 ]
859 968 908 1010 C.
940 969 987 1035 Δ..
1018 967 1045 1017 ἦ
1062 968 1103 1009 δὲ
1121 985 1155 1009 τ.
1185 969 1221 1008 δ.
1257 968 1326 1010 καὶ
1344 965 1482 1020 εἰρκτη
1503 965 1528 1010 ὁ
1546 969 1614 1009 και

188 1024 456 1090 δεσμωτηριον
483 1026 629 1075 οἱκημα
658 1026 726 1066 καὶ
753 1023 903 1091 ὅργυρα
932 1041 977 1065 ω.
1007 1022 1062 1066 ''.!
1092 1022 1241 1077 ἔλεγον.
1278 1025 1456 1091 Hesych.
1500 1027 1614 1076 Γορ-

188 1080 304 1135 γύρα,
334 1078 531 1129 ὑπόνομος
566 1076 626 1120 δι’
644 1078 694 1121 οὖ
721 1097 769 1119 τα
788 1081 912 1122 ὕδατα
931 1075 1406 1173 11‘mgelndeg515negn'w
1436 1081 1613 1117 cunicu-

188 1140 253 1177 lus
278 1152 351 1189 per
381 1151 498 1188 quem
527 1135 768 1173 elabebatur
793 1150 929 1188 aqua,
970 1139 1128 1175 cloacas
1187 1149 1302 1176 lxere
1326 1125 1522 1176 Romani.
1565 1134 1611 1172 in

188 1194 281 1232 istis
311 1206 418 1245 aqua
446 1190 662 1230 destitutis
697 1192 875 1231 malefici
903 1191 1230 1231 demittebantur
1246 1191 1356 1244 apud
1373 1192 1516 1242 Iones,
1546 1189 1612 1228 uti

188 1248 299 1302 apud
321 1249 424 1286 alios
445 1247 493 1285 in
510 1248 878 1298 metallifodinas,
905 1246 950 1286 in
972 1249 1156 1287 metalla.
1188 1247 1480 1299 Syracusarum
1503 1252 1611 1288 λιθο-

185 1307 320 1358 τομίαι
341 1302 664 1343 Atheniensium
695 1303 942 1354 captivitate
960 1302 1210 1342 nobilitatae
1235 1312 1336 1340 sunt
1363 1301 1474 1355 apud
1500 1303 1611 1341 Thu-

190 1361 278 1413 cyd.
310 1359 383 1399 lib.
418 1373 503 1398 vn.
534 1357 579 1396 in
601 1357 698 1398 fine.
727 1359 956 1397 Herodotus
974 1358 1048 1397 lib.
1082 1374 1154 1397 ιιι.
1186 1359 1243 1400 ἔνι
1261 1356 1433 1414 γοργύρῃ
1448 1359 1608 1402 ἐδέδετο·

185 1413 383 1466 διακύψας
403 1412 470 1455 δια
484 1414 554 1463 τῆς
574 1413 780 1466 γοργύρης.
838 1415 1017 1455 ΚυιειιΝ.

295 1470 322 1522 ἦ
342 1472 384 1512 δὲ
401 1471 480 1511 τῶν
505 1473 709 1521 δημοσίων
729 1480 805 1509 etc.
818 1474 832 1519 ]
862 1468 988 1510 Pro
962 1477 984 1519 ἠ
992 1490 1010 1510 ν
1029 1471 1069 1511 δὲ
1091 1470 1181 1511 MS.
1210 1467 1238 1527 ᾖ
1258 1469 1311 1512 δέ.
1367 1469 1496 1511 Iuno.

295 1524 460 1582 εἱρκτη]
493 1526 588 1565 MS.
614 1524 772 1580 εἱρκτῆ,
806 1525 830 1569 ὂ
857 1528 925 1568 και
951 1530 1124 1578 δεσμωτ.
1157 1515 1275 1576 bene,
1307 1525 1353 1564 ni
1378 1527 1516 1566 fallor.
1547 1526 1608 1566 sic

186 1594 230 1624 et
258 1597 380 1636 supra
411 1597 529 1630 v111‚
560 1593 625 1633 72.
665 1579 846 1651 έῖργμδς,
876 1579 1038 1650 εἶρκτη,
1063 1584 1211 1629 οἴκημα
1240 1591 1319 1621 etc.
1348 1596 1432 1622 non
1453 1583 1609 1637 spiritu

185 1640 328 1679 denso.
359 1635 494 1690 εἰρκτη
515 1637 625 1676 enim
642 1635 750 1691 παροῖ
769 1638 814 1678 τό
833 1640 963 1693 εἴργω,
994 1637 1038 1681 w*
1053 1635 1212 1680 κωλυω·
1243 1647 1292 1676 ut
1311 1637 1371 1676 ait
1390 1639 1608 1687 Etymolo-

181 1699 323 1749 ginon,
354 1695 454 1734 licet
482 1692 544 1732 ibi
573 1707 649 1746 per
681 1695 904 1747 aspiratum
935 1705 1128 1743 notetur,
1161 1702 1208 1731 ut
1227 1702 1270 1733 et
1294 1694 1382 1733 fere
1403 1694 1507 1734 alibi
1529 1710 1608 1735 au·-

184 1762 356 1791 ctorum.
380 1747 515 1803 εἰρκτη
548 1758 686 1789 tamen
717 1761 759 1790 et
788 1751 967 1800 Saidas,
998 1761 1040 1791 et
1072 1747 1254 1806 εἰργμᾶς
1285 1749 1358 1789 sed
1387 1747 1438 1790 de
1467 1749 1607 1790 haere

183 1821 269 1847 non
294 1805 460 1846 certabo
481 1804 688 1872 cuiquam.
744 1805 870 1848 Imm

264 1896 266 1898 .
293 1880 361 1904 και
377 1858 597 1931 709711'902]
628 1861 714 1902 MS
742 1865 816 1904 οίκ
848 1865 914 1904 και
945 1880 1000 1911 ως
1027 1867 1065 1905 οἱ
1084 1861 1224 1910 Ἴωνες
1252 1857 1429 1916 γόργυρα
1459 1859 1603 1916 ἔλεγον.

183 1918 345 1959 omissis
373 1931 474 1956 mox
510 1917 635 1959 ἰστέον
662 1918 718 1960 δέ.
761 1917 1032 1957 subiiciamus
1062 1929 1103 1958 et
1123 1918 1290 1981 reliqua.
1301 1930 1432 1969 usque
1457 1917 1508 1956 ad
1526 1919 1605 1960 τῶν

182 1975 224 2017 δὲ
243 1972 393 2022 πόλεως
418 1973 551 2025 μερῶν
583 1982 662 2012 etc.
697 1977 943 2026 quantulum
976 1984 1017 2014 et
1045 1972 1290 2027 quomodo
1279 1987 1323 2010 m
1347 1982 1491 2012 nostro
1516 1975 1605 2014 MS.

182 2039 330 2075 exstat,
360 2028 534 2082 perinde
563 2028 688 2068 credo
722 2043 767 2067 ac
797 2029 840 2066 in
865 2030 1004 2069 seben·
1033 2032 1294 2095 Augustano.
1324 2028 1383 2066 ita
1404 2028 1546 2082 itaque
1563 2039 1605 2069 et

185 2087 337 2126 Noster
368 2093 465 2138 post
496 2083 645 2138 ἔλεγον
681 2081 730 2128 ου’
754 2083 875 2139 μόνον
903 2088 944 2128 δὲ
975 2103 1018 2128 το
1050 2082 1340 2137 δεσμωτήριον,
1374 2087 1518 2136 οἰκημα
1540 2086 1604 2128 λε’-

180 2156 318 2196 yovmv
347 2145 386 2183 οἱ
414 2139 613 2188 Ἀττικοὶ,
645 2138 745 2182 ἄλλα
767 2144 834 2182 καῖ
860 2159 903 2183 το
926 2143 1136 2194 πορνεῖον.
1167 2142 1235 2183 καὶ
1253 2139 1302 2189 δη
1321 2157 1386 2180 και
1407 2140 1542 2188 απλῶς
1562 2158 1602 2182 το

179 2197 410 2250 οἰκήσιμον·
441 2213 494 2245 ως
514 2194 690 2238 Πλατων
709 2200 776 2238 καὶ
800 2201 1041 2248 Θοικυὸίδης
1059 2199 1270 2250 φαίνονται
1286 2194 1498 2250 χρώμενοι·
1527 2198 1604 2239 τῶν

180 2256 222 2296 δὲ
243 2253 402 2302 πόλεως
421 2270 463 2304 μ.
496 2263 576 2292 etc.
606 2267 719 2291 nunc
740 2256 911 2306 vulgata
931 2253 1241 2302 illustrabimus,
1273 2261 1313 2291 et
1331 2251 1368 2290 si
1392 2266 1475 2303 qua
1497 2266 1601 2305 opus

179 2309 505 2349 emendabimus.
562 2308 743 2346 Primum
776 2326 969 2361 γοργυρα,
999 2312 1065 2348 vel
1098 2306 1291 2362 γόργυρα,
1323 2316 1371 2344 ut
1391 2308 1483 2347 MS.
1515 2322 1601 2346 no-

179 2375 276 2416 ster,
305 2374 346 2404 et
362 2363 495 2404 editio
513 2364 769 2413 Florentino,
803 2374 846 2403 et
873 2366 1023 2403 Saidas
1042 2365 1134 2403 MS,
1165 2365 1288 2404 etiam
1309 2364 1366 2401 Η.
1386 2363 1603 2415 Stephani,

179 2429 221 2459 et
241 2434 428 2467 excusus,
460 2419 535 2458 ubi
555 2429 691 2459 tamen
714 2420 957 2472 Sylburgius
975 2419 1240 2459 emendarat
1227 2417 1410 2471 γοργὺρα
1441 2427 1482 2457 et
1501 2432 1601 2458 sane

177 2476 238 2514 ita
264 2474 376 2527 apud
401 2475 764 2542 Harpocrationem
778 2485 863 2521 est,
895 2475 1007 2515 unde
1027 2474 1244 2528 descripsit
1269 2473 1436 2512 Suedas.
1454 2473 1600 2526 Apud

178 2532 467 2582 Etymologum
487 2532 609 2570 etiam
635 2541 695 2570 est
713 2528 928 2585 70'97v9ov·
959 2530 1059 2569 inde
1079 2531 1275 2573 nimirum
1293 2545 1470 2582 γοργυρα
1490 2527 1600 2582 apud

179 2585 355 2625 eundem
389 2585 433 2623 in
463 2585 662 2643 ye9yv'9a·
699 2587 888 2641 quamvis
911 2587 955 2625 in
978 2582 1188 2641 70'97119011,
1218 2601 1391 2641 γοργυρα
1412 2595 1600 2638 oxytone
