1690 2996
750 22 804 66 X.
860 27 929 68 78.
1442 23 1551 68 1685

131 142 231 175 sunt
249 134 435 186 exempla
456 146 480 173 e
499 134 685 173 Pollucis
709 133 846 173 nostri
871 133 1102 174 Codicibus
1124 132 1249 178 MSS.
1263 133 1434 188 iamque
1451 147 1547 174 mo-

131 191 271 230 nuisse
296 187 410 227 subit
436 189 654 229 memoriae
675 187 725 229 de
752 187 860 245 σάκῳ
886 198 927 228 et
954 187 1084 246 σάκκῳ
1121 189 1414 244 similibusque
1435 190 1544 231 aliis.

130 245 213 285 hoo
242 244 372 299 igitur
391 253 516 297 pacto
536 245 644 293 πέλις
665 257 742 297 pro
768 246 895 293 πέλλις
917 245 1015 284 olim
1044 245 1245 298 seriptum
1261 248 1374 284 erat.
1411 245 1474 284 sio
1498 245 1544 284 in

129 301 374 354 Etymologo
394 299 524 351 πέλος,
541 299 652 352 quod
668 301 870 353 Hesychia
884 300 1064 353 aliisque
1085 303 1230 349 πέλλος.
1251 301 1467 340 Aeolicum
1480 299 1545 339 in-

129 364 324 409 terpouas
345 351 548 408 digamma
568 355 723 403 πέλΡις,
754 364 796 394 et
812 355 1062 408 ipsissimam
1082 355 1293 410 evestigio
1304 369 1446 395 vocem
1457 355 1544 395 Ro·

127 423 287 450 mansm
305 407 499 458 habebis,
529 418 576 448 ut
595 408 689 456 ὥόν,
718 425 850 460 ovum,
879 409 992 460 αἰών,
1024 425 1166 449 aeuum
1182 421 1258 451 eto.
1315 409 1542 452 Adeundns

127 465 174 505 in
195 464 475 518 Etymologico
499 465 677 514 Vossius,
709 466 782 519 qui
796 466 995 519 plurimos
1018 465 1190 504 adducit
1209 467 1322 505 illam
1336 466 1542 520 originem

127 523 360 573 amplexos,·
382 517 452 558 sed
462 519 474 558 i
480 533 550 572 pse
562 535 653 560 cum
664 520 855 560 omnibus
869 520 962 559 istis
974 523 1183 575 vulgatam
1192 534 1365 574 eamque
1377 535 1541 573 pravam

123 575 305 617 Pollucis
323 575 564 628 scripturam
583 576 750 622 retinet,
781 589 1008 630 nequerem
1023 576 1123 615 satis
1133 585 1325 615 accurate
1336 579 1540 616 enucleat.

125 630 172 670 in
197 629 468 684 sequentibus
498 632 621 670 etiam
643 630 903 670 librariorum
930 631 1078 684 supina
1100 630 1355 685 negligentia
1373 631 1545 670 Polluci

125 684 320 737 damnum
346 683 535 735 dederat,
564 686 638 724 ubi
660 686 781 726 nobis
802 700 879 739 pro
898 686 1059 728 πέλικαν
1078 688 1146 726 vel
1166 688 1326 728 πελίκαν
1345 699 1367 724 a
1389 688 1542 739 πελίκη,

125 743 195 783 Vel
214 742 375 780 Aeoli&
399 744 537 783 πελίκαι
564 740 862 781 obtrudebatur
886 743 1044 783 πέλυκα.
1082 742 1194 780 illam
1212 750 1349 780 autem
1375 741 1542 794 praeci-

124 808 208 850 pue
231 796 411 850 ligneam
437 796 567 836 fuisse
589 811 644 836 ex
674 796 894 836 notatione
916 797 1033 836 vocis
1054 795 1239 836 ostendit
1258 796 1432 847 Pollux,
1461 794 1541 840 ἀπὸ

124 855 198 894 τοῦ
214 851 529 903 πεπελεκηκέναι·
570 850 721 905 quibus
749 851 923 891 ducibus
944 851 1199 906 obsequntus
1218 866 1322 892 sum.
1367 850 1449 891 hoo
1469 852 1540 906 ip-

124 921 214 946 sum
239 905 289 946 de
307 907 460 955 πέλλαις
482 907 745 959 Etymologus
766 905 907 959 tradit,
931 920 1032 960 quas
1054 907 1233 959 exponit
1247 905 1380 956 ξύλινα
1390 904 1537 962 ἀγγεῖα,

154 975 313 1014 uaeque
333 962 521 1014 profecto
533 960 728 1014 quiddam
742 960 897 1001 habent
918 975 1011 1000 eum
1026 963 1075 1016 τῇ
1091 963 1195 1003 πέλλι
1209 976 1435 1002 commune.
1465 961 1538 1002 sed

125 977 178 1056 de
194 1018 354 1068 πελίκης
370 1017 533 1071 origine
555 1015 668 1055 aliud
690 1031 766 1071 ego
784 1019 909 1071 longe
929 1016 1136 1056 diversum
1160 1031 1182 1056 e
1201 1017 1344 1070 lingna
1357 1015 1540 1057 Phoeni-

125 1071 191 1111 eia
220 1073 442 1125 protulisse
469 1071 636 1111 memini
663 1085 808 1124 supra,
845 1071 957 1127 quod
982 1074 1114 1111 multo
1134 1072 1328 1111 maiorem
1348 1073 1540 1112 veritatis

122 1126 250 1167 habet
270 1127 477 1179 spei-,ieme
490 1125 540 1165 ad
556 1127 694 1175 πέλλας
715 1140 816 1167 vero
840 1126 953 1181 quod
978 1126 1162 1178 adtinet,
1194 1126 1268 1180 qui
1286 1125 1366 1170 ἆπὸ
1384 1133 1455 1170 τοῦ
1472 1143 1541 1170 πε-

121 1185 363 1234 πελεκῆσθαι
380 1180 639 1221 deducendas
649 1182 768 1220 aiunt
784 1196 940 1221 summe
951 1191 1173 1235 nugantur,
1187 1182 1267 1222 etsi
1288 1191 1330 1222 et
1349 1183 1393 1221 in
1413 1197 1460 1223 ea
1479 1183 1538 1223 sit

122 1236 324 1291 opinione
352 1237 609 1277 Eustochiae.
666 1235 792 1288 Apud
817 1237 1065 1288 Hesyclzium
1093 1247 1228 1276 autem
1257 1242 1541 1291 πεπελεκῆσθαι

122 1301 170 1331 nt
191 1301 418 1345 reponatur
435 1306 509 1345 pro
528 1294 816 1343 πεπελεκίσθαι,
847 1306 930 1331 non
953 1305 1030 1346 ego
1051 1291 1242 1344 equidem
1265 1293 1536 1333 necessarium

123 1346 248 1398 duco,
281 1361 526 1400 quamquam
548 1346 659 1386 baud
679 1349 780 1386 clam
802 1361 868 1387 me
885 1348 953 1396 sit,
986 1345 1088 1400 qnid
1105 1345 1155 1386 de
1173 1351 1348 1390 πελεκεῖν
1367 1358 1409 1389 et
1429 1354 1538 1391 πελε-

123 1404 246 1453 κίζειν
273 1402 550 1442 Grammatici
587 1411 797 1451 statuant,
829 1416 933 1456 quae
955 1411 1053 1442 utut
1077 1404 1320 1458 plerumque
1341 1404 1400 1443 ita
1425 1414 1537 1445 recte

122 1457 374 1512 procedant,
415 1471 501 1496 non
538 1456 693 1512 ubique
723 1466 858 1497 tamen
890 1457 950 1496 sic
982 1470 1025 1497 se
1057 1456 1223 1497 habent.
1265 1458 1335 1498 sed
1362 1464 1541 1502 πελεκεΐν

125 1527 228 1554 vero
249 1512 646 1567 frequentissimum,
679 1511 793 1566 quod
813 1527 911 1552 sane
932 1526 1017 1551 non
1041 1522 1203 1552 tantum
1225 1512 1275 1554 de
1291 1514 1435 1569 lignis,
1465 1514 1539 1563 sed

124 1577 166 1608 et
182 1567 393 1620 lapidibus
414 1567 498 1607 dici
520 1568 751 1609 consuevit.
784 1571 824 1610 οἱ
839 1565 1106 1621 ἑβδομήκοντα
1124 1572 1256 1610 Bam.
1275 1574 1319 1611 Γ.
1331 1587 1366 1612 κ.
1388 1584 1442 1611 or.
1457 1572 1536 1613 Kal

122 1623 352 1675 ἐπελέκησαν
375 1625 415 1666 of
426 1625 507 1666 υἱοὶ
525 1622 734 1676 Σαλομώυ.
758 1624 1034 1664 Philoxenus.-
1065 1625 1358 1676 Πεληκῶ,ᾰοίο,
1379 1627 1536 1677 Ῑοιησοι

123 1689 166 1720 et
183 1678 227 1717 in
246 1677 387 1719 eodem
409 1684 599 1736 πελεκᾷν·
628 1683 794 1735 Πελεκᾷ,
818 1679 954 1717 dolat:
976 1677 1077 1717 hino
1095 1677 1328 1733 πελεκητὴς.
1359 1680 1535 1731 dolator,

122 1731 396 1786 εἰπελέκημα,
420 1733 571 1787 fomes,
602 1735 756 1773 assuta.
797 1735 938 1782 λίθους
959 1731 1220 1786 ἆπελεκήτους
1251 1734 1405 1775 habent
1421 1734 1537 1776 dioto

121 1791 216 1829 loco
233 1789 370 1831 LXX.
392 1790 486 1837 viri,
517 1799 558 1829 et
579 1787 837 1840 ἆπελεκήτους
856 1788 957 1828 alibi
981 1788 1258 1842 solummodo,
1287 1804 1372 1828 non
1394 1790 1536 1830 addita

122 1857 227 1884 voce
247 1846 375 1894 λίθος.
418 1846 547 1900 igitur
575 1842 652 1886 α’πό
681 1849 751 1886 τοῦ
769 1848 1055 1897 πεπελεκῆσθαι
1077 1847 1234 1898 πελίκη,
1263 1844 1375 1900 quod
1395 1845 1535 1886 dolata

123 1899 180 1938 sit
198 1909 239 1939 et
261 1901 406 1951 polita.
465 1899 548 1940 Sed
572 1901 614 1938 in
638 1900 730 1939 istis
745 1901 826 1939 iarn
837 1914 914 1954 ego
935 1914 1046 1938 nunc
1062 1900 1186 1939 nimis
1205 1900 1277 1940 diu
1290 1915 1535 1942 commoror.

229 1956 397 2008 πέλυκα]
434 1956 524 1994 MS.
547 1957 719 1997 πέλικαν.
763 1955 978 2007 Hesychia,
997 1958 1171 2005 πελίκαν,
1200 1957 1277 2007 (ita
1298 1956 1407 1995 enim
1431 1956 1536 2009 legit

126 2009 391 2050 Gasaubonus
413 2025 485 2062 pro
493 2009 672 2066 πελικᾶν)
698 2009 802 2059 εἶδος
819 2013 1009 2064 ποτηρίου
1027 2013 1200 2060 ξυλίνου,
1233 2011 1296 2054 διὰ
1314 2010 1358 2054 τὸ
1376 2016 1538 2054 πεπελε-

118 2067 268 2110 aloem.
323 2066 403 2106 Sed
425 2065 495 2105 hic
512 2067 575 2109 ἐπὶ
592 2065 760 2118 λεκάνης
780 2065 948 2107 dicitur.
1005 2071 1085 2109 San,

228 2121 402 2174 πέλυκα]
442 2119 486 2162 G.
511 2123 561 2161 V.
589 2123 761 2164 πέλικαν.
811 2122 860 2162 G.
889 2120 940 2160 A.
958 2125 1145 2171 πέλλυκα,
1174 2122 1220 2160 ni
1242 2121 1354 2161 fauit
1368 2120 1535 2174 fugiens

122 2175 323 2229 scriptura
344 2178 460 2215 illius
481 2175 662 2217 Codicis.
697 2178 874 2216 Salmas.
898 2177 1021 2216 etiam
1040 2178 1145 2231 legit
1164 2178 1336 2218 πέλικαν.
1391 2182 1534 2216 Itum.

229 2233 405 2285 πέλυκα]
447 2233 542 2276 MS.
574 2235 615 2274 οἷ
634 2232 676 2274 δὲ
692 2235 849 2280 Αἰολεῖς
865 2234 1019 2282 πέλικα,
1060 2246 1132 2285 per
1151 2249 1166 2272 ι
1184 2232 1228 2270 in
1249 2231 1399 2272 medio.
1427 2231 1536 2271 ulti-

122 2299 186 2325 ma
211 2294 344 2326 tamen
365 2287 486 2327 litera
508 2302 612 2340 quae
632 2298 727 2340 post
746 2305 770 2328 α
797 2287 1047 2339 sequebatur
1071 2287 1240 2339 penitus
1270 2299 1396 2327 erasa.
1443 2286 1536 2327 sine

125 2338 251 2381 dnbio
279 2357 304 2383 υ
329 2342 478 2387 fuerit.
509 2352 549 2382 et
569 2343 766 2395 scriptum
787 2341 961 2395 perinde
993 2356 1042 2381 ae
1075 2342 1121 2380 in
1151 2342 1291 2380 Sobora·
1312 2341 1408 2383 MS.
1436 2341 1538 2392 fnit,

125 2395 303 2445 πέλιπον·
334 2407 374 2436 et
394 2397 454 2448 ita
476 2397 775 2437 restituendum
794 2398 933 2437 fuerit.
990 2397 1112 2436 Certe
1130 2398 1221 2436 noli
1242 2394 1431 2438 dubitare
1450 2395 1535 2436 hue
1590 2442 1592 2444 v

124 2459 307 2501 spectare
332 2452 618 2505 Hesychiana:
659 2449 855 2503 Πελικᾶν,
889 2451 993 2501 εἶδος
1018 2454 1210 2506 ποτηρίου
1229 2450 1474 2506 ξυλίνουῇδιᾶ
1492 2451 1538 2495 τὸ
