1690 2996
210 113 321 154 '1112
831 113 910 155 IX.
967 118 1037 160 93.

199 220 361 276 ¹tigisse
379 222 591 263 Kuelmius
609 222 786 277 videtur,
817 225 890 279 qui
914 223 1161 281 θαυμάζοντι
1177 235 1365 280 reponat.
1393 239 1506 269 error
1524 210 1638 268 haml

212 276 338 317 dubie
368 292 420 317 ex
450 278 580 317 simili
642 279 894 321 raecedentis
931 283 1047 322 vocis
1079 283 1258 323 termino
1293 283 1549 336 progenitus.
1591 283 1636 321 in

209 340 372 372 textum
389 332 532 386 itaque
552 294 670 376 degi:
699 334 1132 390 θαυμάζοντι,8οἰ1ἰοεῐ
1147 338 1308 376 Eubulo
1324 340 1562 378 Atarnites.
1592 338 1635 376 id

209 397 273 426 est
305 387 350 426 in
379 388 550 428 Graecis
577 385 834 457 Ἀταρνίτου,
865 401 907 433 et
933 403 1044 433 recte
1068 393 1250 446 quidem.
1279 392 1476 433 scribitur
1500 403 1634 433 tamen

209 442 311 482 alibi
341 456 510 510 quoque
535 438 803 502 Ἀταρνήτης,
838 457 880 488 et
909 450 1156 488 Pausaniae
1187 445 1463 504 Ἀταρνείτης.
1500 458 1564 489 est
1594 457 1636 488 et

208 497 440 554 Ἀταρνευς,
469 500 734 554 Acarnana-is,
767 503 813 542 in
837 505 1044 556 Stephano
1069 514 1111 544 et
1132 503 1278 544 suida.

317 571 600 632 θαυμάζοντα]
650 580 912 620 Terminatio
943 581 1111 635 irrepsit
1139 596 1191 622 ex
1218 579 1484 649 praecedenti
1511 578 1636 624 ἄπελ-

199 630 357 676 'edura‘
384 634 578 673 existimo
617 637 726 674 enim
767 636 970 676 Pollucem
1007 637 1225 691 scripsisse
1265 633 1532 690 θαυμάζοντι,
1573 649 1632 678 ¹0·

194 692 371 742 ²scripsit
390 689 549 728 Eubulo
571 690 732 730 abitum
750 695 836 731 eius
852 692 1077 732 demirantc·
1103 703 1184 735 etc.
1238 693 1417 732 Kuzmr.

281 762 420 809 διότι
445 783 537 817 τους
558 770 794 821 Φωκαΐτας]
835 769 988 810 Sensus
1018 769 1395 838 apophthegmatis
1413 768 1632 811 ohscurior

207 832 269 862 est
290 832 462 876 propter
485 827 739 894 corruptelas
764 834 920 864 textus.
945 825 991 864 C.
1013 825 1064 865 V.
1094 826 1152 864 ita
1165 826 1318 892 legit:
1332 820 1431 879 διότι
1447 824 1521 875 τοὶς
1544 830 1631 868 Φω·

204 883 346 927 καῖὑας
362 878 469 932 ἔχων
487 876 615 927 ἦλθεν
635 879 743 928 ἥδιον
767 882 800 922 ἕ.
834 900 877 934 μ.
903 899 944 930 μ.
973 899 996 930 η
1013 882 1054 922 ἐν
1065 874 1263 948 :Aroipvn
1267 877 1537 924 καταλλαττει.
1581 895 1631 920 ex

206 935 359 986 quibus
382 935 489 972 hanc
510 944 766 974 exstruerem
787 936 1030 982 lectionem,
1061 936 1123 978 ὅτι
1141 934 1192 986 δὴ
1214 934 1283 984 οὓς
1305 939 1516 985 Φωκαιτας
1537 935 1633 990 ἔχων

201 990 350 1054 95230311,
380 986 494 1039 ἥδιον
514 990 556 1030 ἐν
575 988 790 1045 Μιτυλήνη
809 996 961 1042 μαλλον
980 990 1009 1042 ἤ
1027 988 1205 1047 Ἀταρνῃ
1226 987 1506 1035 καταλλάττει·
1535 991 1632 1031 scri-

201 1047 286 1100 psit
316 1044 510 1093 miranti,
541 1046 655 1097 quod
679 1047 935 1094 Phoc-actas,
968 1062 1067 1100 quos
1102 1062 1236 1086 secum
1259 1047 1430 1100 habuit,
1459 1061 1552 1086 eum
1570 1061 1630 1085 ve·

202 1104 330 1141 nisset
351 1102 576 1146 Atarnem,
607 1101 799 1140 libentius
820 1105 1048 1155 Mitylenae
1066 1118 1192 1156 quam
1211 1103 1405 1142 Acamas
1419 1110 1630 1155 permutet.

204 1170 289 1211 quo
313 1155 489 1195 dicterio
514 1157 764 1221 perstringit
791 1158 1020 1206 Eubulum,
1053 1157 1166 1222 quod
1188 1159 1368 1198 Atarnae
1388 1159 1455 1197 sui
1475 1160 1630 1212 nullam

200 1211 397 1252 habuerit
416 1211 647 1260 rationem,
678 1213 909 1264 siveritque
936 1227 1011 1253 suo
1031 1227 1074 1253 se
1098 1214 1239 1254 vivere
1268 1223 1439 1266 sumptu
1466 1227 1629 1267 permu-

200 1267 332 1308 tando
365 1267 592 1305 Phoc-attus
623 1267 921 1307 minutioribus
956 1269 1193 1308 nummulis.
1232 1278 1275 1307 at
1310 1269 1348 1307 si
1379 1269 1438 1308 ita
1467 1267 1547 1307 sibi
1570 1268 1630 1307 vi-

199 1322 382 1364 vendum
415 1322 493 1372 sit,
524 1335 568 1361 se
600 1323 741 1375 inquit
770 1326 891 1362 malle
923 1323 1195 1376 Mitylenae’
1182 1339 1227 1362 ιιι
1251 1322 1355 1375 prbe
1382 1323 1629 1378 elegantiori

200 1389 244 1419 et
264 1378 528 1430 copiosiore,
561 1391 685 1431 quam
707 1378 751 1416 in
775 1378 983 1444 οΗΡΡίᾶιιΙο
999 1379 1220 1420 Atarnensi
1240 1393 1318 1418 suo
1338 1392 1381 1419 se
1408 1382 1516 1418 alere
1537 1392 1628 1417 suc-

200 1448 266 1474 co.
306 1432 507 1472 alluditur
526 1432 652 1472 simul
672 1432 723 1471 ad
742 1434 923 1486 priorem
943 1434 1070 1474 vitam
1091 1436 1261 1484 Eubuli,
1293 1448 1384 1472 cum
1403 1436 1520 1472 lucro
1545 1425 1628 1472 col·

197 1489 397 1542 lybistico
427 1488 721 1551 pinguesceret
748 1489 817 1532 ἐπὶ
843 1492 1059 1542 τυραννίδι.
1115 1491 1233 1529 Haec
1251 1487 1357 1528 mihi
1375 1487 1542 1543 quidem
1565 1487 1626 1530 vi·

199 1545 321 1584 detur
343 1543 656 1595 simplicissima
687 1542 814 1583 huius
836 1544 1000 1585 dicterii
1031 1545 1336 1598 interpretatio.
1396 1542 1629 1582 casauboni

198 1599 525 1653 explicationem
553 1613 604 1638 ex
629 1599 765 1639 verbis
800 1610 940 1639 textus
965 1601 1036 1640 vix
1066 1601 1226 1654 poteris
1254 1601 1415 1641 elicere.
1472 1599 1540 1637 Ex
1569 1601 1627 1639 le·

198 1657 341 1696 ctione
372 1655 419 1695 C.
452 1655 501 1693 V.
532 1655 592 1693 ita
621 1655 744 1694 etiam
783 1654 954 1696 haberet
983 1666 1147 1695 textus:
1187 1652 1443 1708 θαυμάζοντι
1460 1655 1624 1710 ἔγραψε,

194 1709 297 1755 διότι
316 1727 404 1759 τοις
422 1714 649 1760 Φωκαΐτας,
679 1709 751 1761 οὓς
771 1712 876 1765 εἶχεν
898 1711 1043 1759 ἕλθων,
1074 1709 1221 1762 ἥδιον’
1200 1730 1242 1755 εν
1256 1709 1466 1767 Μιτυλήνῃ
1484 1716 1625 1752 καταλ-

194 1763 314 1822 λοῖττῃ
335 1766 362 1816 ἤ
379 1769 418 1808 ἐν
440 1764 634 1822 Ἀτάριῃ-
665 1770 837 1805 miranti
861 1767 1069 1820 (Eubulo)
1099 1770 1307 1819 rescripsit
1340 1755 1548 1815 Peninus,
1582 1779 1626 1804 se

191 1830 409 1876 propterea
438 1824 596 1860 Atarne
628 1823 800 1873 abiisse,
831 1824 941 1874 quod
965 1824 1224 1873 Phocaicas,
1255 1836 1355 1874 quos
1383 1835 1517 1860 secum
1540 1821 1625 1859 ha-

194 1880 304 1928 buit,
342 1892 435 1915 cum
469 1880 640 1916 venisset
679 1880 902 1926 Acarnem,
934 1880 1129 1917 libentius
1171 1879 1392 1929 Mitylenae
1423 1885 1623 1928 permutet

192 1948 316 1988 quam
342 1933 553 1982 Acamas,
585 1932 630 1970 id
659 1943 743 1982 est,
774 1947 850 1972 suo
880 1943 1050 1986 sumptu
1081 1934 1197 1972 malit
1224 1933 1364 1972 vivere
1383 1931 1622 1983 Mitylenae

193 2003 315 2045 quam
334 1988 546 2026 Atarnae'
535 2002 579 2025 111
609 1963 769 2040 oppid'o
795 1988 970 2028 obscuro
993 1999 1034 2028 et
1054 1988 1248 2043 ignobili.
1304 1986 1482 2028 Korna.

303 2049 406 2097 διότι
432 2052 524 2102 τούς
560 2057 789 2105 Φωκαῖτας,
823 2056 925 2108 etc.]
971 2057 1026 2095 Et
1055 2054 1127 2093 hic
1157 2054 1300 2108 itaque
1328 2062 1393 2092 tot
1415 2053 1620 2107 superatis

193 2110 486 2152 difficultatum
518 2110 703 2161 scopulis
741 2111 784 2148 in
817 2111 906 2163 ipsa
934 2109 1220 2149 molestissimi
1250 2108 1400 2162 capitis
1420 2108 1622 2149 coronide
1663 2153 1667 2156 ⁴

190 2168 316 2208 nobis
336 2179 513 2205 carceres
534 2164 827 2203 anhelantibus
858 2165 1058 2204 obiicitur
1087 2163 1200 2217 quod
1232 2175 1409 2204 mentem
1439 2170 1619 2203 nostram

192 2224 380 2264 detineat
408 2229 730 2273 occupatamque
758 2220 910 2259 habeat
939 2219 1105 2258 totam?
1137 2219 1248 2258 bono
1282 2227 1418 2258 tamen
1451 2233 1619 2272 agamus

190 2279 357 2328 animo,
388 2276 424 2315 si
453 2284 495 2315 et
522 2275 622 2315 haec
643 2275 826 2315 feliciter
854 2275 1056 2327 expedire
1076 2275 1163 2313 fors
1183 2272 1356 2312 dederit.
1416 2274 1466 2313 In
1491 2273 1619 2312 Codi-

191 2336 250 2375 cis
274 2334 419 2386 itaque
437 2330 820 2382 Falekenburgiani
845 2330 1067 2382 Excerptis
1089 2329 1229 2369 omnia
1249 2331 1416 2383 vulgata
1435 2329 1617 2368 retinen·

190 2401 260 2429 tur
279 2397 446 2438 exacte,
477 2401 563 2426 nou
589 2389 673 2425 ulla
705 2395 862 2424 mutata
890 2388 1063 2435 vocula,
1094 2384 1177 2422 nisi
1206 2383 1320 2438 quod
1347 2383 1583 2423 adiicitur'
1571 2397 1616 2422 m

188 2446 272 2485 fine
308 2440 609 2486 natandum·
662 2440 773 2480 unde
803 2441 994 2493 profecto
1025 2439 1132 2478 hanc
1167 2438 1360 2479 omnibus
1382 2438 1614 2478 absolutam

186 2500 372 2540 numeris
396 2508 521 2552 atque
549 2497 798 2537 concinnam
817 2510 983 2548 prorsus
1005 2495 1162 2548 poteris
1180 2493 1342 2534 efficere
1364 2495 1615 2534 lectionem·

186 2556 249 2600 ὅτι
271 2553 322 2606 δη
348 2553 418 2604 τοίς
454 2556 679 2607 Φωκαΐδας,
709 2550 757 2603 ἃς
785 2553 909 2607 εἶχον,
937 2551 1050 2606 ἔσχον
1077 2550 1189 2601 ἥδιον
1213 2553 1255 2594 ἐν
1279 2548 1488 2608 Manium
1512 2545 1616 2604 μᾶλ-
