1690 2996
712 147 765 188 X.
827 153 890 192 13.
1400 148 1508 188 1317

89 262 213 304 bilem
240 258 423 301 habendi
446 258 665 299 libidinem
698 259 935 314 exagitare,
959 261 1114 298 latente
1138 255 1315 296 forsitan
1335 254 1412 295 sub
1432 254 1508 295 hu·

87 319 154 359 ins
171 316 422 358 insanientis
443 328 618 370 persona
641 315 798 368 insigni
817 314 1012 369 quopiam
1034 314 1147 362 viro,
1179 322 1226 351 ut
1249 310 1510 352 Comoedia-

87 387 177 415 mu
197 385 285 427 tuos
301 380 387 422 est;
415 384 652 426 quanquam
673 384 737 410 me
757 383 840 409 non
860 378 1102 423 praetereat,
1134 365 1508 410 inter-Comoediae

87 441 223 469 novae
258 427 414 481 primos
449 436 636 466 suctores
673 425 906 465 enumerari
936 425 1179 475 Diphilum,
1222 423 1266 461 in
1294 435 1376 476 qua
1403 422 1508 461 vitia

87 483 231 539 potius
262 496 385 535 quam
418 482 531 535 ipsos
557 480 749 520 homines
777 479 974 535 graphice
1006 477 1300 532 depingebant.
1341 491 1425 516 non
1449 487 1509 515 ta·

87 552 181 579 men
221 536 492 578 inficiandum
535 550 628 576 reor
664 535 788 575 huius
824 535 950 575 etiam
986 536 1183 586 temporis
1211 533 1405 572 Comicos
1435 532 1510 570 ali-

89 592 256 650 quando
276 592 536 647 potentiores
559 591 758 645 quosdam
790 593 953 630 occulte
981 588 1220 643 designasse
1237 597 1279 626 et
1307 587 1509 642 tetigisse.

88 663 224 704 neque
243 648 324 688 erit
344 648 555 699 abnorme,
570 647 604 686 si
619 646 711 701 quis
734 645 956 686 arbitretur
972 645 1212 698 μαινόμενον
1235 643 1374 692 istum,
1405 656 1511 695 quae

89 713 381 755 recensentur,
429 712 567 742 scruta
611 701 912 743 circumtulisse
949 701 1140 750 venalia3
1181 701 1303 753 quale
1331 697 1433 751 quid
1467 694 1512 739 ιδ

89 761 319 815 περιφέρειν
357 757 528 799 videtur
556 758 742 797 innuere.
790 770 877 796 non
915 757 1026 796 enirn
1062 765 1224 794 tantum
1252 753 1296 792 in
1324 753 1420 793 foro
1447 766 1511 791 res

91 829 243 855 venum
271 812 616 868 exponebantur,
658 811 729 852 sed
760 820 901 862 erant,
940 811 1013 865 qui
1044 825 1116 864 per
1149 813 1306 863 plateas
1330 809 1525 857 circum-,

91 872 272 920 ferrent,
335 881 467 920 eaque
506 869 671 907 ratione
703 867 859 907 victum
899 866 985 906 sibi
1022 874 1278 920 quaererent.
1328 864 1511 903 fabulam

91 935 225 965 nutem
251 925 358 964 hane
378 923 551 975 Diphili
568 937 617 962 eo
640 922 768 976 magis
794 921 986 963 adnotari
1018 925 1139 970 volo,
1178 934 1262 977 quo
1293 920 1424 959 rarior
1450 928 1513 958 est

92 981 219 1021 huius
244 980 288 1018 in
310 988 492 1018 veterum
512 978 680 1031 scriptis
702 977 874 1020 mentio.
912 976 993 1016 ista
1012 990 1133 1026 vero,
1154 990 1259 1031 quae
1278 975 1356 1015 sub
1374 974 1514 1014 mani-

95 1036 171 1075 bus
192 1044 290 1074 sunt
300 1034 469 1086 Diphili
489 1032 625 1082 verba,
648 1032 835 1085 profecta
861 1031 1143 1072 coniectabam
1165 1030 1216 1070 ab
1238 1031 1313 1070 illo
1329 1029 1512 1079 homine,

96 1091 171 1145 qui
197 1089 414 1130 delirantis
441 1088 565 1127 istius
590 1088 792 1126 insaniam
815 1097 856 1127 et
880 1086 1019 1126 studia
1041 1085 1263 1126 deridenda
1288 1084 1513 1124 inflamma-

94 1146 178 1194 bat,
214 1159 287 1185 seu
313 1154 468 1184 certum
498 1143 705 1182 hominem
736 1142 926 1182 laudasse
953 1144 1082 1196 magis
1115 1141 1250 1181 credis
1276 1140 1390 1180 hunc
1413 1158 1514 1193 μαι-

94 1198 263 1254 νόμενοι
289 1209 370 1239 tam
400 1208 575 1239 venuste
606 1208 646 1238 et
677 1197 854 1236 ridicule
872 1197 1075 1236 mercibus
1093 1199 1178 1237 suis
1198 1206 1410 1237 onustum.
1468 1196 1513 1237 Si

96 1256 191 1312 quis
219 1265 355 1295 autem
387 1253 448 1294 rei
469 1253 660 1292 metricae
685 1267 768 1291 non
789 1267 936 1306 expers
958 1255 1094 1291 locum
1114 1252 1354 1304 perlegerit.
1385 1253 1514 1291 facile

94 1311 254 1352 iambos
279 1323 366 1350 esse
392 1308 709 1348 animadvertet.
740 1322 790 1347 eo
821 1308 963 1362 itaque
989 1307 1292 1347 consideratius
1321 1317 1362 1346 et
1378 1317 1514 1346 atten-

93 1366 179 1407 tius
198 1366 241 1405 in
263 1364 343 1406 boe
363 1366 459 1404 loco
492 1362 761 1415 versandum,
792 1377 877 1416 quo
900 1363 1029 1417 inagis
1051 1377 1241 1402 versuum
1264 1362 1372 1402 ratio
1389 1376 1515 1416 expe-

95 1422 182 1462 dita
210 1431 273 1463 est
298 1429 342 1460 et
366 1417 539 1459 intacta.
581 1419 767 1473 singula,
796 1418 911 1472 quod
941 1432 1005 1457 res
1035 1418 1214 1458 alicuius
1246 1417 1445 1471 ponderis
1471 1427 1514 1458 et

96 1476 295 1519 nomenti
322 1473 538 1525 videatur,
584 1473 876 1526 expendemus.
927 1475 996 1516 καὶ
1022 1475 1096 1516 νῦν
1122 1473 1265 1520 κάδον,
1306 1487 1398 1512 curn
1425 1474 1513 1514 ine.

95 1543 212 1587 pturn
241 1532 320 1579 sit,
357 1530 475 1570 facili
503 1530 677 1584 negotio
707 1530 931 1569 reformavi
953 1530 996 1568 in
1028 1530 1165 1572 aanor
1193 1526 1333 1574 nidor.
1365 1543 1515 1568 novum

95 1587 257 1638 eadum,
292 1593 389 1640 post
417 1599 537 1651 quam
573 1583 905 1624 emendationem
933 1583 983 1625 de
1014 1586 1096 1625 alia
1126 1599 1210 1624 non
1242 1583 1514 1639 cogitandum

96 1653 227 1698 puto,
259 1641 343 1681 nisi
367 1655 461 1695 quis
495 1641 604 1681 forte
634 1642 785 1693 κλίνην.
817 1634 960 1691 κάδον,
993 1654 1076 1680 non
1099 1639 1321 1694 improbet.
1350 1649 1515 1679 utrum-

99 1713 180 1754 que
210 1696 362 1738 debitis
385 1694 576 1737 versiculi
605 1696 784 1735 numeris
811 1710 895 1736 non
927 1705 1144 1750 repugnat.
1202 1697 1252 1735 In
1273 1698 1405 1734 altero
1428 1709 1514 1734 car·

97 1753 208 1794 mine
229 1751 352 1793 uobis
374 1752 661 1792 molestissima
683 1765 766 1791 vox
781 1749 898 1794 συνὼν
915 1751 1137 1798 obiicitur,
1169 1765 1291 1806 quarn
1313 1749 1389 1789 diu
1410 1752 1515 1789 mul-

98 1819 296 1862 tumque,
325 1806 398 1848 sed
427 1807 661 1846 frustraneo
688 1808 817 1846 ferme
834 1817 876 1846 et
895 1807 1056 1846 incasso
1078 1806 1219 1846 labore
1237 1805 1410 1846 versavi.
1441 1819 1515 1844 no-

95 1864 265 1905 tandum
294 1877 392 1904 vero
430 1861 529 1902 huic
562 1861 771 1902 versiculo
804 1860 1023 1902 dimidium
1056 1861 1198 1903 abesse
1222 1860 1362 1915 pedis,
1400 1859 1515 1914 quod

95 1929 231 1960 tamen
270 1933 357 1960 non
393 1916 566 1967 dubito,
626 1918 728 1970 quin
761 1917 1040 1957 abscondatur
1076 1918 1121 1957 in
1153 1916 1290 1960 ovno'v.
1345 1916 1447 1970 quid
1478 1916 1516 1955 si

97 1976 285 2024 σννωνιῖς
309 1971 572 2027 ἀσκόπηρανὶ)
604 1973 744 2012 sensui
771 1983 880 2013 certe
907 1983 948 2012 et
976 1983 1106 2013 metro
1127 1972 1203 2013 bac
1228 1972 1391 2012 ratione
1414 1972 1514 2010 satis

98 2031 253 2080 factum
285 2038 403 2084 puto.
464 2038 640 2068 attamen
682 2027 849 2068 videtur
878 2042 1026 2068 nomen
1071 2028 1264 2068 utensilis
1300 2027 1515 2066 cuiusdam

97 2088 247 2137 latere,
283 2084 395 2150 quod
426 2084 595 2138 quidem
624 2083 729 2123 mihi
756 2084 835 2123 iam
872 2098 984 2124 nunc
1017 2098 1100 2124 non
1127 2083 1343 2124 succurrit.
1394 2080 1515 2121 alteri

98 2141 272 2181 fortasse
293 2154 423 2194 ipsam
448 2140 664 2179 veritatem
689 2139 854 2178 felicior
873 2139 1160 2192 suppeditabit
1185 2138 1302 2179 bora.
1338 2136 1416 2176 hac
1450 2146 1518 2176 ta-

100 2209 192 2237 men
212 2195 293 2236 alia
311 2195 549 2235 coniectura
572 2198 767 2233 lectorem
791 2208 876 2233 non
896 2195 1112 2245 fraudabo,
1134 2192 1303 2236 συνόντα
1324 2208 1366 2233 τε
1388 2187 1518 2234 doxo-

99 2247 203 2305 mioq
227 2249 428 2299 odanam,
461 2250 530 2288 cui
560 2250 701 2289 favere
729 2260 838 2289 certe
866 2249 1052 2299 videtur,
1089 2248 1202 2304 quod
1228 2247 1428 2300 scriptum
1461 2247 1518 2286 sit

98 2302 315 2362 ὄσκοπῆρα,
346 2320 438 2345 cum
460 2305 561 2344 alias
583 2314 688 2344 esset
714 2304 933 2359 legendum
953 2304 1210 2358 α’σκόηηραν,
1241 2311 1403 2358 quarto,
1433 2315 1515 2357 quo

103 2369 262 2408 cetera.
298 2375 408 2401 casu.
445 2363 580 2414 palma
608 2370 668 2399 est
697 2360 739 2398 in
772 2359 908 2400 medio
937 2362 1095 2413 posita,
1134 2373 1254 2412 quam
1284 2356 1359 2409 qui
1386 2357 1517 2397 fuerit

103 2413 264 2468 ingenii
283 2416 436 2456 virtute
457 2414 656 2467 adeptus,
690 2413 872 2454 officium
897 2414 1122 2468 praestabit
1140 2413 1274 2453 literis
1296 2413 1517 2452 humanio-

101 2469 232 2512 ribus.
286 2470 381 2510 dein
425 2472 602 2523 βαδίζειν
642 2466 879 2525 ὑπολάβοις·
929 2468 1210 2509 commodiore
1244 2471 1340 2508 loco
1375 2468 1516 2521 posita

103 2523 380 2565 distinetione
410 2524 724 2566 restituendum.
771 2535 975 2579 postrema
1006 2539 1057 2564 ne
1083 2523 1248 2564 dubites
1272 2523 1330 2563 ita
1355 2536 1517 2563 emacu-

99 2580 205 2619 lare:
235 2577 281 2621 ὅν
306 2578 356 2623 αὖ
373 2582 620 2637 εεριφέριις·
652 2580 765 2634 quod
797 2591 879 2620 tam
900 2579 1187 2634 perspicuum,
1217 2577 1406 2619 arrisum
1423 2593 1516 2619 me-
