1716 3016
210 133 292 176 984
820 128 895 166 IX.
953 133 1020 172 60.

215 255 380 296 cunque
407 239 627 293 reliquisse
662 240 778 294 signa
810 239 1004 280 sufficiat.
1071 241 1122 279 In
1149 241 1274 281 huius
1296 240 1444 295 itaque
1471 241 1630 280 nummi

215 302 344 338 altera
355 311 443 336 area
457 295 716 348 laserpitium
732 295 858 335 habes
876 295 1030 334 additis
1040 297 1172 335 literis
1188 301 1316 349 Κυρα,
1342 295 1509 347 Κυράνα
1520 311 1629 336 nem·

214 368 281 407 pe,
306 353 521 391 utiDores
544 364 592 388 ac
609 350 802 390 Lacones
833 351 1071 401 efferebant,
1104 355 1228 396 altera
1257 367 1356 392 vero
1390 354 1630 401 Ptolemaei,

215 420 264 448 ut
281 408 446 462 quidem
467 405 622 457 sentio,
645 420 716 445 seu
742 408 888 458 Lagus
903 407 958 445 sit
977 408 1047 446 ille
1071 421 1143 447 seu
1154 406 1475 459 Philadelphus,
1504 416 1631 460 caput

214 473 451 504 cornutum.
481 475 611 500 cornu
623 461 788 515 quidem
809 463 1034 502 arietinum
1046 462 1253 516 duplicem
1277 463 1330 502 ob
1351 477 1513 503 causam
1528 462 1631 515 ipsis

215 518 314 560 addi
343 518 508 571 potuit,
546 526 632 556 tum
662 517 774 570 quod
796 518 905 557 inter
933 519 1172 558 Alexandri
1199 528 1335 558 essent
1360 531 1630 568 successores,

216 575 335 615 cuius
370 581 496 626 caput
528 586 614 611 non
641 573 760 612 aliter
795 573 878 611 nisi
905 584 1126 613 cornutum
1159 574 1314 613 visitur
1342 573 1388 612 in
1412 573 1562 613 statuis
1590 581 1632 614 et

215 629 414 679 nummis,
445 636 537 667 cum
555 637 603 666 nt
621 641 707 667 non
726 627 973 668 mediocrem
991 629 1075 682 ipsi
1092 629 1293 669 honorem
1315 628 1526 676 haberent,
1557 627 1631 682 qui

217 686 438 739 iungerent
458 683 589 736 capiti
609 683 699 723 eius
719 684 858 724 arietis
881 686 1225 729 cornuvAmmoni
1244 684 1412 738 proprie
1432 683 1630 724 debitum.

217 740 449 793 Cyrenaica
485 748 620 778 autem
645 739 759 790 regio
783 741 858 778 sub
875 738 1092 792 imperium
1115 741 1280 793 delapsa
1294 749 1358 780 est
1373 739 1632 780 Ptolomaeo-

216 811 306 836 rum
325 796 366 835 vi
387 805 512 849 atque
537 795 658 833 armis
678 796 910 833 Ptolomaei
925 798 1056 847 Lagi,
1087 807 1133 834 ut
1150 797 1284 848 liquet
1302 810 1355 836 ex
1373 797 1536 835 Iustino
1553 795 1630 834 lib.

218 851 282 893 15.
312 865 346 890 c.
365 849 402 891 6.
435 863 564 903 eaque
583 859 755 903 propter
776 851 920 888 Strabo
937 851 1010 889 lib.
1029 851 1172 895 XVII.
1193 853 1425 904 Κυρηναίαν
1434 859 1632 891 memorat

213 907 286 960 τὴν
309 905 389 949 ’ὑπὸ
411 908 681 958 Πτολεμαίων,
701 907 955 945 Ptolomaeis
974 907 1197 945 subiectam
1224 906 1489 958 Gyrenoeam:
1518 905 1630 945 unde

215 963 388 1016 colligas
412 962 550 1011 simul,
585 975 670 1000 non
693 975 855 1000 omnem
878 962 1148 1012 Cyrenaicam
1169 961 1380 1015 regionem
1401 961 1479 1001 sub
1498 960 1632 1001 ditio-

212 1033 267 1059 ne
289 1019 420 1056 fuisse
448 1018 803 1067 Ptolomaeorum,
841 1016 912 1054 sed
939 1016 1084 1066 binae,
1113 1027 1248 1069 puto,
1287 1025 1459 1066 tantum⁴
1473 1026 1630 1070 partes:

212 1074 378 1114 tertiam
407 1071 575 1125 Libyae
602 1081 774 1112 tenuere
806 1081 962 1127 gentes.
1025 1072 1308 1112 Callimachus
1341 1086 1468 1126 porro
1497 1073 1554 1114 H.
1585 1072 1632 1111 in

211 1131 348 1182 Apoll.
366 1143 403 1170 v.
426 1126 492 1169 68.

479 1185 546 1226 καὶ
562 1183 722 1239 Λιβύην
741 1181 885 1225 ἐσιόντι
903 1180 1025 1236 κόραξ
1040 1180 1214 1238 ἡγήσατο
1232 1187 1315 1240 λαῷ

481 1239 605 1290 δεξιὸς
630 1238 816 1292 οἰκιστὴρ,
845 1240 909 1280 καὶ
928 1239 1057 1292 ὤμοσε
1076 1242 1200 1293 τείχεα
1219 1238 1358 1282 δώσειν

477 1292 681 1349 ἡμετέροις
695 1299 929 1348 βασιλεῦσιν.
1184 1320 1185 1323 =

219 1358 284 1411 Τῷ
304 1353 556 1407 Πτολεμαίῳ,
587 1351 725 1405 inquit
743 1352 1014 1389 Sclzoliastes:
1051 1350 1230 1390 forsitan
1255 1355 1338 1399 τοῖς
1358 1350 1629 1402 Πτολεμαίοιςο

211 1407 421 1463 siquidem
441 1407 695 1446 intellexerit
708 1407 947 1458 Cyrenaeus
970 1415 1084 1444 vates
1103 1406 1428 1457 Philadelphum
1445 1415 1488 1446 et
1501 1407 1630 1446 ,Euer-

209 1475 340 1518 getem
360 1465 532 1503 fratres.-
567 1472 611 1503 et
632 1461 728 1502 vide
751 1460 801 1500 ad
825 1461 927 1500 haec
950 1471 1162 1500 notantem
1189 1462 1404 1503 Illustriss.
1440 1462 1631 1514 Spanhe-

212 1524 350 1562 mium.
407 1517 488 1557 Sed
507 1527 549 1558 et
570 1526 728 1557 statuae
750 1516 923 1569 Cyrenis
950 1517 1104 1556 honori
1122 1519 1450 1556 Ptolomaeorum
1469 1516 1631 1570 positae

213 1577 406 1624 fuerunt,
436 1572 484 1612 ad
509 1586 609 1626 quas
630 1574 665 1612 si
687 1574 781 1626 quis
805 1573 1078 1627 confugisset,
1111 1572 1246 1622 abripi
1269 1572 1386 1612 nefas
1404 1582 1502 1614 erat.
1543 1574 1632 1612 ele-

214 1645 314 1686 gans
338 1640 401 1668 est
425 1643 470 1668 ea
501 1628 551 1668 de
578 1643 622 1668 re
652 1631 768 1667 locus
799 1628 843 1665 in
866 1627 974 1667 libro
997 1628 1161 1667 XXIII.
1179 1628 1292 1668 Hist.
1312 1629 1432 1666 Livii
1448 1642 1538 1680 cap.
1566 1639 1628 1669 10.

212 1687 284 1726 ubi
306 1688 477 1738 Magius
495 1686 690 1723 Decimus
716 1685 967 1734 Campanus,
1000 1683 1071 1738 qui
1097 1698 1118 1722 a
1142 1683 1329 1736 partibus
1347 1683 1629 1723 Romanorum

212 1751 382 1781 steterat
406 1754 576 1792 semper,
605 1739 814 1779 Annibali
838 1753 936 1778 vero
969 1739 1206 1789 obstiterat,
1236 1738 1403 1778 iniectis
1429 1739 1584 1778 catenis
1606 1752 1627 1779 a

210 1799 353 1837 Poeno
367 1797 456 1848 rapi
469 1795 637 1834 iubetur
648 1805 762 1834 extra
783 1805 954 1845 portam,
969 1795 1292 1848 impositumque
1313 1794 1357 1832 in
1374 1808 1520 1834 navem
1533 1794 1629 1838 Car·

211 1853 424 1906 thaginem
448 1850 582 1890 mitti:
612 1865 754 1888 navem
775 1851 955 1900 Cyrenas
976 1850 1141 1900 detulit,
1172 1849 1295 1890 verba
1315 1859 1414 1889 sunt
1433 1849 1534 1890 haec
1553 1850 1628 1887 Li·

210 1911 282 1957 vii,
311 1914 538 1957 tempestas,
570 1920 674 1958 quae
695 1914 781 1944 tum
799 1909 844 1943 in
857 1906 1013 1944 ditione
1029 1921 1166 1958 regum
1183 1914 1320 1945 erant:
1349 1906 1409 1944 ibi
1428 1919 1519 1944 cum
1534 1906 1628 1949 Ma-

213 1964 308 2018 gius
336 1963 394 2000 ad
418 1969 603 2000 statuam
629 1961 860 2000 Ptolomaei
890 1964 999 2012 regis
1028 1961 1307 2014 confugisset,
1347 1960 1581 2012 deportatus
1601 1975 1629 2000 a

211 2018 444 2058 custodibus
465 2015 756 2055 Alexandriam
775 2017 836 2054 ad
854 2017 1159 2056 Ptolomaeum:
1190 2018 1285 2056 dum
1300 2031 1391 2055 eum
1411 2016 1629 2066 docuisset,

213 2083 356 2114 contra
374 2073 439 2112 ius
461 2071 643 2111 foederis
662 2072 848 2110 vinctum
870 2086 913 2111 se
935 2072 984 2111 ab
1007 2073 1214 2111 Annibale
1231 2086 1338 2122 esse,
1382 2073 1556 2112 vinculis
1571 2072 1629 2110 li-

212 2131 401 2169 beratur.-
429 2128 501 2182 qui
523 2130 642 2166 locus
663 2127 950 2178 percommode
981 2142 1085 2181 quae
1117 2128 1206 2166 dixi
1237 2127 1399 2181 probat.
1437 2127 1625 2170 Similem

212 2196 347 2225 autem
394 2182 693 2234 Cyrenensium
731 2197 942 2221 nummum
986 2183 1195 2237 egregium
1233 2182 1404 2223 exhibet
1443 2182 1628 2221 Rhodius

211 2240 381 2282 Emend.
401 2239 452 2278 ad
474 2238 659 2277 Seribon.
679 2239 812 2289 Larg.
835 2252 930 2291 pag.
960 2251 1045 2288 127.
1071 2238 1144 2276 ubi
1162 2237 1322 2291 silphio
1342 2237 1540 2277 adiectam
1560 2236 1627 2276 vi-

212 2296 282 2335 des
312 2297 535 2342 stellulam‚
569 2293 768 2343 Castoris,
800 2303 848 2331 ut
869 2294 1087 2342 existimo,
1118 2292 1316 2333 indicem.
1354 2302 1396 2333 et
1420 2293 1627 2330 Castorem

213 2351 380 2405 quidem
410 2364 508 2404 prae
537 2350 705 2387 Polluce
735 2349 876 2401 potius
902 2348 944 2386 in
971 2348 1149 2386 nummis
1175 2348 1261 2386 suis
1282 2361 1522 2400 expressum
1542 2344 1627 2385 lia-

212 2407 349 2457 buere,
364 2404 477 2459 quod
500 2404 618 2458 equis
630 2403 927 2457 equitandique
939 2403 1090 2456 peritia
1109 2406 1239 2441 clarus
1252 2403 1324 2441 ille
1344 2403 1474 2441 fuisse
1490 2401 1625 2454 perhi-

212 2462 378 2510 beatur,
421 2461 550 2499 sicuti
573 2459 721 2499 Pollux
739 2459 945 2498 caestibus
964 2468 1085 2512 atque
1109 2460 1236 2497 lucta.
1269 2457 1524 2508 Cyrenenses
1547 2471 1626 2495 au-

211 2527 304 2566 tem,
331 2531 422 2554 cum
445 2518 608 2567 planam
642 2515 870 2554 incolerent
889 2523 1107 2567 aptamque
1126 2513 1243 2568 equis
1259 2513 1482 2566 regionem,
1513 2527 1626 2565 prae.

211 2571 493 2627 stantissimos
510 2571 662 2611 aluisse
685 2580 811 2625 atque
832 2569 1040 2611 edomasse
1067 2582 1196 2622 equos
1224 2567 1389 2622 antiqui
1405 2568 1626 2609 memoriae
