1690 2996
737 157 788 198 X.
846 160 914 200 96.
1442 156 1550 199 1593

120 270 254 311 dimus
273 270 317 309 in
337 276 471 309 textu.
501 267 639 309 obiter
660 276 797 307 autem
816 267 888 307 hic
907 279 1075 307 monere
1099 266 1322 307 constitnit
1333 266 1385 308 de
1401 273 1550 322 Δημιο·

119 325 281 381 πράτοις
299 327 474 372 Pollux,
512 323 720 378 siquidem
751 337 773 362 a
804 336 848 362 re
874 337 959 362 non
991 323 1047 361 sit
1069 323 1274 370 alienum,
1317 331 1359 363 et
1381 323 1551 378 quinam

120 381 387 422 isthac-voce
419 379 488 418 usi
521 381 606 418 sint
640 387 852 428 auctores,
893 377 1123 418 ostendere.
1154 391 1232 418 nos
1254 378 1552 443 aliquandode

122 437 199 476 hac
221 450 266 476 re
287 435 503 474 Pollucem
523 433 743 474 adnotasse
754 432 1031 473 meminimus.
1062 434 1167 474 scire
1188 447 1288 473 vero
1301 437 1401 474 hcet
1414 434 1552 482 exiis,

120 506 226 547 quae
244 501 477 544 sequuntur
495 504 517 530 e
536 490 717 543 vestigio
736 488 848 541 apud
868 489 1339 542 Onomasticographum
1349 498 1549 536 nostrum,

122 547 193 586 iun
213 545 459 601 δημιόπρατα
480 546 522 584 in
542 545 746 584 columnis
779 548 1021 597 plerumque
1040 545 1167 584 fuisse
1185 545 1436 598 perscripta,
1465 559 1551 584 un·

123 602 175 642 de
194 612 237 642 et
258 603 330 642 illa
350 600 550 657 loquendi
562 601 738 651 ratione,
759 601 862 642 ἔστιν
884 595 957 643 οὖν
976 603 1092 642 τοῦτο
1112 597 1241 654 εὗρεῖν
1259 600 1302 641 ἐν
1317 606 1400 649 τοῖς
1413 603 1550 654 δημιο-

123 655 286 708 πράτοις
306 653 659 712 ἀναγεγραμμένον,
682 669 782 695 usus
803 665 867 695 est
876 656 1110 695 Athenaeus
1122 675 1135 706 3
1165 655 1440 695 diciturenim
1452 669 1549 710 pro.

123 714 214 766 prio
242 711 344 767 quid
373 711 717 767 ἀναγεγραμμένον
753 711 795 752 ἓν
832 706 1011 764 στήλαις·
1047 711 1106 750 ita
1132 709 1301 764 quidem
1337 720 1379 750 et
1407 721 1551 752 noster

123 770 302 808 Pollux:
329 768 372 810 ἓν
394 769 435 811 δὲ
454 775 540 817 ταῖς
560 766 757 816 ’Δττικαῖς
782 765 936 821 στήλαις
959 764 1261 822 ἆναγέγραπται.
1309 767 1551 819 Deipnoso-

119 825 281 876 phi-stae
308 826 428 864 locus
465 832 528 864 est
558 823 632 863 lib.
657 823 734 862 XI.
764 821 836 861 sed
864 825 1079 876 paululum
1105 836 1224 862 cortu
1258 831 1347 871 tus,
1387 822 1457 861 cui
1486 837 1550 863 me

126 877 268 918 iudice
284 878 389 919 bene
405 878 498 931 erit,
525 879 562 918 si
578 879 639 917 sio
657 878 892 931 scripseris:
917 875 1133 930 Ἀθηναῖοι
1153 878 1194 920 δὲ
1213 881 1370 932 αργυρᾶ
1386 877 1552 921 ποιοῦν·

124 950 189 983 τες
207 934 347 986 κέρατα
366 934 477 975 ἔπιον
495 935 535 984 ἐξ
557 931 698 975 αὐτῶν.
742 934 844 975 ἔστιν
870 928 945 975 οὖν
959 937 1075 975 τοῦτο
1097 927 1226 987 ειῖρεῒν
1243 934 1285 975 ἓν
1303 938 1387 981 τοῖς
1402 939 1551 987 Δημιο-

125 987 291 1039 πράτοις
314 987 653 1044 ἆναγεγραμμένον
666 1003 674 1011 ·
705 986 831 1037 οὕτως
851 986 894 1031 δ’
912 990 954 1031 ἐν
967 986 1082 1042 στήλῃ
1103 984 1338 1043 ἀνακειμένη
1349 989 1391 1030 ἓν
1407 985 1551 1043 Ἀκρο·

126 1043 266 1096 πόλει,
292 1042 321 1098 ἢ
339 1043 387 1086 τὰ
405 1041 639 1098 ἀναθήματα
656 1044 819 1099 περιέχει
832 1058 842 1070 ·
871 1043 930 1083 ita
951 1046 1103 1098 vulget
1124 1041 1464 1111 ἀναγεγραμμένον
1485 1043 1552 1088 οὕ-

127 1116 226 1152 τως,
266 1100 308 1142 ἐκ
337 1097 477 1153 στήλης
502 1099 756 1153 ἀνακειμένης
781 1109 859 1139 etc.
895 1113 994 1139 sane
1011 1099 1058 1141 τὰ
1080 1105 1338 1154 Δημιοπρατα
1360 1113 1451 1138 cum
1472 1101 1553 1140 ista

129 1153 268 1208 στήλῃ,
309 1168 415 1208 quae
442 1155 487 1194 in
520 1156 625 1195 Arce
637 1155 774 1208 posita
813 1153 1081 1194 donariorum
1100 1155 1269 1194 nomina
1294 1154 1554 1209 continebat,

129 1224 216 1250 non
249 1209 456 1250 confundi
488 1209 630 1260 decet,
662 1224 754 1249 cum
771 1219 947 1264 utraque
968 1209 1246 1250 diversissima
1263 1223 1351 1250 esse
1374 1210 1462 1264 ipsa
1488 1224 1553 1251 res

130 1264 345 1316 ostendat3
378 1274 423 1305 et
455 1265 564 1306 vitio
593 1264 755 1305 dedisse
773 1265 974 1319 originem
997 1265 1172 1306 arbitror
1187 1265 1276 1305 iota
1298 1265 1343 1304 in
1365 1265 1553 1319 antiquis

130 1319 356 1361 codicibus
383 1318 435 1359 ad
454 1323 564 1360 latus
582 1321 840 1374 appositum,
871 1320 984 1374 quod
1004 1322 1148 1375 itaque
1168 1329 1340 1374 propter
1355 1320 1553 1360 similitu-

130 1375 268 1416 dinem
301 1374 458 1431 figurae
485 1376 650 1430 saepius
679 1376 724 1415 in
756 1378 872 1431 σίγμα
890 1375 1168 1430 degeneravit.
1223 1377 1352 1415 Porro
1375 1374 1553 1416 diversis

128 1430 174 1469 in
195 1430 301 1470 locis
320 1429 556 1471 reconditas
574 1445 661 1472 esse
682 1432 782 1471 istas
816 1431 1055 1486 publicatae
1086 1431 1359 1485 supellectilis
1391 1434 1554 1472 colum-

129 1499 204 1524 nas
227 1486 326 1526 satis
340 1495 528 1527 constare
547 1487 758 1540 existimo,
788 1486 902 1542 quod
921 1501 1056 1541 neque
1080 1487 1342 1526 casaubonus
1358 1485 1411 1525 ad
1427 1488 1554 1526 Athe.

129 1544 225 1580 naen·
251 1543 415 1592 locum,
449 1555 568 1596 quem
599 1542 751 1594 citavi,
790 1543 1009 1583 observare
1032 1542 1247 1596 praeteriit
1276 1555 1328 1581 ex
1348 1541 1430 1582 hoc
1459 1543 1552 1596 ipso

130 1595 311 1650 aliisque
337 1598 534 1636 Pollucis
559 1599 694 1637 nostri
722 1598 839 1640 locis.
896 1599 1008 1637 Mox
1033 1612 1056 1638 e
1077 1598 1201 1638 MSS.
1218 1597 1376 1637 inserui
1397 1596 1553 1648 ἄλλοις·

129 1649 237 1706 παρὰ
253 1657 333 1700 τοῖς
351 1649 482 1701 ἄλλοις
501 1652 924 1710 κωμῳδοδιδασκάλοις.

241 1707 380 1760 λίχων]
409 1708 486 1748 Vel
513 1712 665 1763 λείχων,
698 1708 807 1763 apud
829 1709 1044 1761 Aristoph.
1064 1710 1163 1752 Act.
1190 1706 1225 1748 1.
1247 1709 1361 1748 Scen.
1377 1722 1414 1750 1.
1436 1711 1555 1749 locus

135 1770 208 1811 est,
235 1762 306 1802 sed
331 1762 393 1800 ibi
422 1765 547 1814 λείξας
568 1774 711 1805 extatz
750 1767 883 1818 λείχων
900 1774 1037 1804 autem
1062 1774 1124 1804 est
1150 1766 1246 1805 Act.
1271 1765 1357 1803 III.
1378 1765 1491 1805 Sem.
1516 1778 1556 1808 1.

131 1815 207 1855 ubi
221 1817 478 1869 scholiastes,
495 1821 666 1862 ἐνταῦθα
686 1817 734 1863 δι’
750 1822 967 1871 ἐνεστῶτος,
985 1821 1027 1863 ἐν
1046 1819 1089 1862 δὲ
1106 1816 1408 1876 προφθάσασιν,
1420 1822 1556 1872 λείξας,

132 1869 181 1913 δι’
201 1868 408 1930 ἀορίστου·
438 1874 599 1930 integer
619 1879 735 1914 locus
755 1885 841 1914 est:

340 1930 530 1972 ἐπίπαστα
547 1933 676 1980 λείξας
694 1928 940 1985 δημιόπραθ’
963 1927 986 1973 ὅ
1002 1929 1204 1986 βάσκανος

340 1986 465 2040 ῥέγκει
483 1986 645 2039 μεθύων
666 1987 708 2028 ἐν
724 1993 827 2029 ταῖσι
847 1985 1014 2042 βύρσαις
1044 1986 1196 2036 ὕπτιος.

344 2042 578 2093 Postquam
599 2041 706 2080 hond
723 2043 944 2094 publicata
962 2051 1085 2095 atque
1110 2043 1324 2082 divendita

335 2098 1006 2192 {2322522‘2‘52'53‘ziffffizffl-'Zff
1018 2099 1210 2192 3Ξῖἔῖἴῆ

131 2202 201 2242 De
224 2202 364 2244 Cleone
382 2205 625 2262 Demagogo
652 2217 694 2247 et
720 2167 888 2248 Atti-:fe
907 2169 1184 2262 Reissublicae
1202 2206 1453 2264 sanguisuga
1475 2221 1558 2249 ser·

132 2271 200 2298 ιιο
221 2268 294 2299 est.
349 2267 498 2306 Kunnx.

242 2314 506 2370 δημιόπρατα]
536 2317 857 2360 Atheniensium
879 2334 968 2359 mos
987 2321 1088 2372 fuit,
1114 2329 1206 2358 cum
1226 2318 1402 2358 alieuius
1423 2321 1558 2360 sontis

134 2365 242 2408 bona
260 2370 594 2424 publicabantur,
624 2389 798 2415 vaenum
822 2377 895 2414 illa
918 2376 963 2414 in
997 2375 1448 2426 auctione-exponere.
1491 2385 1559 2415 at·-

136 2434 215 2473 que
237 2426 371 2464 omnia
389 2441 494 2479 quae
511 2428 569 2468 ita
590 2430 892 2482 vendebantur,
915 2431 1098 2478 minima,
1121 2429 1310 2476 maxima,
1334 2429 1378 2467 in
1402 2433 1558 2470 colum.

134 2489 188 2514 nn
213 2477 522 2532 insculpebant‚
567 2498 687 2537 quam
720 2489 787 2525 vel
817 2487 859 2523 in
894 2486 994 2523 Arce
1015 2483 1282 2530 dedicabant,
1312 2487 1378 2524 vel
1395 2485 1439 2524 in
1462 2487 1556 2526 aliis

132 2531 238 2593 locis
249 2532 378 2583 urbis,
407 2547 478 2576 aut
499 2538 734 2579 vicinorum
751 2554 974 2594 pagorum:
1009 2539 1394 2583 casaub.Anim.in
1405 2543 1557 2583 Athen.

131 2584 223 2628 libr.
242 2586 318 2626 XI.
340 2602 427 2642 cap.
449 2606 485 2642 7.
522 2595 842 2649 Descriptiones
864 2604 998 2636 autem
1018 2594 1117 2634 istas
1138 2596 1560 2646 appellaruntGraeci

174 2661 298 2696 Pollux
325 2664 402 2700 Vol.
429 2670 476 2707 V,
1155 2660 1177 2699 Ῑ
1194 2659 1233 2698 ii
1246 2659 1261 2699 i
1275 2661 1290 2699 i
