1656 2976
147 91 255 133 1712
746 91 800 133 X.
860 92 953 136 134.

258 198 325 242 καὶ
354 198 464 256 παρὰ
490 201 545 260 τῷ
566 198 663 256 ⁹011.
695 204 727 254 ξ.
753 200 1009 258 ἐφόλκαιον.]
1045 201 1138 245 MS.
1169 199 1278 258 (sine
1301 201 1385 258 καὶ)
1402 201 1510 254 παρὰ
1524 201 1568 245 τδ

143 252 354 311 Ὀμήρου,
387 256 520 307 ξεστόν
539 256 740 311 ἐφόλκιον.
798 259 856 298 Et
877 257 1064 312 ἐφόλκιον
1086 258 1210 298 etiam
1230 259 1388 313 priores
1413 257 1570 299 editio-

148 324 235 349 nes.
296 311 376 351 Sed
405 323 548 354 noster
575 314 736 355 seberus
752 312 967 368 ἐφόλκαιον
998 314 1212 369 reposuit,
1244 313 1358 370 quod
1379 314 1439 355 ita
1457 313 1570 369 apud

149 365 548 411 Homerum’Oo'voo.
569 372 600 420 ξ.
621 370 810 425 legebam

361 424 498 474 ξεστὸν
520 423 737 479 ἐφόλκαιον
755 425 926 481 καταβὰς
944 426 1134 470 ἐπέλασσα
1146 427 1329 482 θαλάσσῃ

363 485 512 534 στῆθος
531 505 599 524 ——.

148 535 323 588 Heeyeh.
349 533 597 587 Ἐφόλκεον,
627 539 839 592 ἕφολκίδα.
867 534 1083 592 πηδάλιον·
1119 537 1193 578 ubi
1213 538 1338 579 etiam
1357 534 1572 589 ἐφόλκαιον

149 591 334 631 emenda.
391 593 567 633 Dicitur
585 595 685 634 alias
704 604 748 636 et
764 593 974 646 ἐφόλκιον·
1004 603 1053 632 ut
1067 593 1212 635 eodem
1233 595 1329 634 1⁰⁰⁰
1344 594 1572 647 H⁶⁶J⁰h⁸⁰¹⁴⁸

148 645 368 701 subiungit
402 651 527 702 paulo
561 659 679 703 post:
706 646 935 704 Ἐφόλκιον,
964 648 1028 692 διὰ
1046 653 1117 693 τοῦ
1136 663 1172 700 ι,’
1193 647 1238 692 τὸ
1257 647 1461 703 πηδάλιον,
1489 647 1572 692 α’πό

147 706 220 743 τοῦ
241 703 485 755 ἐφέλκεσθαι.
520 706 746 760 Etymolog.
764 706 962 760 ἐφόλκιον,
989 703 1034 747 τὸ
1062 703 1268 757 πηδάλιον.
1321 711 1424 747 que·

257 760 324 801 καὶ
343 777 385 802 π.
404 764 462 818 τῷ
471 757 566 813 Ὀμ.
589 764 634 807 Ξ.
652 761 905 814 ἐφόλκαιον.]
936 761 1032 800 Etsi
1049 761 1173 802 MSS.
1191 759 1371 801 habe-ut
1387 759 1572 813 ἐφόλκιον

148 813 408 855 retinendam
440 827 577 857 tamen
605 821 814 872 vulgatam
842 817 1066 858 lectionem
1099 815 1230 868 duxi,
1272 829 1378 870 quae
1405 817 1450 855 in
1475 817 1570 870 ipso

149 879 323 923 apparet
343 873 533 914 Homero.
567 872 746 926 librarii,
775 872 926 928 quibus
949 872 1019 911 illa
1043 871 1160 911 vocis
1171 872 1303 911 forma
1324 869 1427 910 mira
1449 871 1573 912 vide-

147 924 283 976 batur,
313 929 429 966 nulla
451 926 502 968 de
524 928 688 968 ratione
710 938 862 968 temere
882 935 1106 970 mutarunt.
1137 924 1240 966 alias
1265 935 1354 966 tota
1374 927 1495 968 MSS.
1514 929 1574 967 le-

148 981 234 1020 ctio
251 995 327 1020 uec
345 982 608 1024 incommoda
631 993 692 1024 est
709 997 786 1024 nec
804 984 958 1037 inepta.
982 979 1176 1035 Ἐφόλκια
1191 996 1295 1022 vero
1315 982 1438 1022 etiam
1459 982 1572 1022 dicta

147 1037 220 1075 illa
248 1040 423 1090 parvula
442 1038 625 1094 navigia,
655 1054 761 1093 quae
784 1039 1010 1079 maioribus
1031 1038 1221 1092 alligata,
1251 1037 1301 1078 ab
1323 1037 1414 1076 istis
1433 1037 1574 1078 trahe-

147 1090 325 1132 bantur:
355 1095 607 1146 Hesychium
624 1094 852 1135 videndum
869 1108 1033 1136 moneo,
1075 1094 1290 1133 Moschion
1306 1091 1357 1134 de
1376 1092 1574 1132 Hieronis

147 1147 316 1189 Siciliae
326 1149 436 1204 regis
458 1150 555 1191 navi
566 1151 765 1191 maxima:
784 1149 948 1203 ἐφόλκια
966 1149 1007 1192 δ’
1026 1144 1130 1202 ἦσαν
1150 1146 1252 1208 αὐτῇ
1267 1147 1310 1196 τὸ
1326 1149 1397 1203 μὲν
1414 1153 1574 1204 πρῶτον

145 1204 362 1268 κέρκουρος
388 1208 577 1261 τρισχίλια
602 1205 770 1250 τάλαντα
797 1208 977 1261 δέχεσθαι
1002 1203 1220 1260 δυνάμενος
1241 1214 1321 1247 etc.
1380 1219 1485 1260 quae
1502 1207 1573 1245 le-

177 1273 198 1298 e
227 1273 297 1300 sis.

147 1273 173 1312 g
255 1312 478 1370 ὑπηρεσία]
515 1318 733 1357 Tabulata.
775 1317 949 1369 Interpr.
980 1317 1118 1356 malim
1148 1314 1261 1370 quod
1292 1314 1573 1355 substernitur

146 1370 376 1425 remigibus
407 1371 579 1413 sedendi
601 1373 756 1428 gratia,
785 1382 834 1412 ut
850 1382 1034 1420 storeae,
1059 1379 1289 1412 'stramenta
1306 1379 1348 1411 et
1374 1369 1420 1410 id
1440 1385 1581 1426 genus.

147 1426 242 1466 alia.
299 1433 442 1470 Kunnn,

256 1479 472 1537 ὑπηρεσία]
502 1483 592 1527 MS.
620 1482 819 1539 ὖπερέσια.
876 1485 933 1524 Et
955 1483 1014 1523 ite
1039 1482 1213 1523 omnino
1237 1490 1452 1521 accentum
1475 1497 1573 1523 cor-

146 1537 247 1591 rige.
285 1535 503 1593 ὖπηρὲσιον
528 1541 744 1580 nauticum
766 1549 911 1581 notum
937 1539 1037 1579 satis
1058 1551 1182 1594 supra
1198 1537 1237 1588 I,
1254 1534 1320 1581 88.
1341 1546 1383 1578 et
1403 1537 1506 1578 alibi
1526 1539 1571 1579 in

147 1594 310 1637 Nostro.
364 1601 474 1638 lus-c.

255 1651 418 1703 κοντοὶ]
452 1650 543 1692 MS.
565 1650 698 1693 κόντοι
715 1661 1021 1705 paroxytoncos.
1077 1656 1184 1689 Iuno.

253 1703 424 1759 κάδδοι]
456 1706 587 1746 Abest
608 1722 629 1746 a
650 1708 696 1748 C.
718 1709 765 1746 A.
820 1714 967 1747 szuu.

256 1760 423 1815 κάδδοι]
453 1762 548 1803 MS.
571 1764 729 1803 omittit
745 1761 910 1806 κάδδοι·
941 1763 1013 1802 sed
1029 1776 1151 1817 supra
1174 1764 1204 1810 1,
1236 1759 1301 1819 94.
1337 1773 1424 1800 uon
1446 1760 1571 1800 omit-

146 1815 270 1870 tebat,
300 1817 443 1873 ibique
460 1818 612 1867 κοντὸς,
643 1817 767 1868 κάδος
786 1829 863 1860 etc.
889 1818 1076 1860 habebat.
1133 1824 1235 1861 Ione.

254 1871 424 1926 κᾶδδοι]
462 1875 649 1913 Restitui
677 1879 802 1915 altera
834 1875 1033 1914 similium
1055 1874 1264 1914 literarum
1289 1869 1421 1911 deleta
1439 1870 1568 1922 κάδοι,

146 1928 198 1967 de
220 1942 301 1982 qua
321 1929 552 1981 scriptione
567 1931 758 1983 superius
778 1930 934 1969 alicubi
960 1940 1218 1970 notassenon
1234 1941 1364 1981 pauca
1386 1927 1569 1967 memini.

145 1999 245 2023 mox
269 1987 383 2024 nulla
408 1984 492 2023 fuit
514 1986 646 2034 ratio,
680 1985 733 2024 ob
761 2000 881 2039 quam
913 2000 1004 2024 cum
1032 1985 1154 2024 MSS.
1185 1997 1270 2023 non
1299 1981 1569 2021 scriberemus

145 2037 319 2094 οἷπόγαια
335 2054 344 2066 ·
385 2049 426 2079 et
442 2042 615 2078 alterum
637 2049 772 2081 tamen
793 2051 948 2080 rectum
973 2040 1095 2080 etiam
1111 2068 1123 2088 ,
1155 2037 1266 2093 quod
1287 2036 1476 2090 pluribus
1495 2052 1570 2077 ex·

145 2096 293 2148 emplis
312 2109 396 2134 non
418 2093 640 2135 difficulter
657 2095 823 2135 ostendi
842 2105 993 2149 posset,
1025 2095 1108 2133 nisi
1131 2109 1214 2134 rem
1226 2107 1300 2147 per
1319 2105 1362 2130 se
1381 2091 1482 2131 satis
1495 2107 1569 2132 no-

146 2161 227 2189 tam
251 2151 539 2190 existimarem.
581 2149 821 2204 πρυμνήσια.
855 2165 960 2205 quae
983 2150 1084 2189 alibi
1105 2148 1325 2201 expressit,
1355 2146 1426 2185 hic
1454 2161 1571 2200 prae-

146 2206 274 2246 teriit.
302 2209 511 2260 eleganter
531 2206 774 2250 Heliodorus
794 2206 867 2246 lib.
895 2207 931 2247 1.
954 2203 1100 2253 Ὀλκᾶς
1121 2202 1198 2246 dm}
1217 2203 1473 2256 πρυμνησίων
1493 2201 1570 2258 ὄρ*

144 2275 231 2314 μει·
278 2261 579 2314 Tryphiodorus
611 2265 803 2314 πείσματα
829 2259 1028 2313 πρύμναια
1055 2260 1186 2310 dixit,
1231 2260 1396 2298 Statius
1412 2261 1572 2296 retina-

146 2315 256 2366 oula,
287 2331 484 2367 necnon,
517 2317 600 2356 nisi
624 2318 734 2357 fallit
755 2317 975 2364 memoria,
1021 2317 1233 2368 Virgilius.
1275 2310 1436 2364 ”Ολκοι,
1468 2327 1572 2365 quo·

143 2386 233 2410 rum
261 2386 364 2410 mox
391 2386 489 2410 suus
511 2372 555 2410 in
584 2371 665 2412 hoo
690 2373 958 2414 instrumenti
985 2372 1144 2410 navalis
1166 2381 1336 2408 numero
1356 2377 1416 2407 est
1437 2370 1570 2414 locus,

146 2426 189 2464 in
218 2427 456 2466 memoriam
483 2427 589 2466 mihi
626 2438 824 2467 revocant
855 2441 961 2482 quae
989 2429 1186 2480 leguntur
1214 2423 1310 2472 VII,
1349 2436 1434 2476 ¹91.
1461 2427 1504 2464 αἱ
1530 2424 1573 2466 δὲ

145 2481 381 2532 καλούμεναι
407 2484 646 2535 χαμουλκοὶ,
675 2484 862 2537 μηχαναὶ,
892 2481 951 2524 δι’
976 2476 1031 2524 ὧν
1063 2483 1254 2523 emovun-
1294 2477 1355 2516 ibi
1375 2477 1573 2518 codicem

142 2538 472 2590 Palckenburgii
492 2537 703 2581 addidisse
724 2538 845 2589 ὁλκοὶ,
879 2537 959 2579 hoe
977 2536 1086 2579 enim
1100 2543 1273 2575 accentu
1291 2533 1571 2586 scribendum,
