1656 2976
173 75 279 117 1858
770 71 824 112 X.
883 76 980 118 181.

171 191 266 235 post
292 182 377 233 ᾤαν
401 181 606 222 excidisse
626 181 925 222 librariorum'
912 183 1075 222 incuria
1098 196 1190 224 reor
1210 201 1266 233 ως
1284 182 1348 237 ἄν,
1357 183 1486 253 quod
1504 183 1595 224 fieri

169 253 254 276 non
284 235 506 281 difficulter
533 238 697 290 potuit,
731 251 824 277 cum
847 239 1066 293 utriusque
1092 238 1186 293 ᾤαν
1202 249 1245 279 et
1270 239 1325 288 οἷς
1345 240 1393 283 ἄν
1409 255 1595 293 pronun-

168 293 297 332 ciatio
328 306 414 331 non
445 292 566 338 valde
593 292 763 332 dissona
785 294 855 334 sit.
877 307 1019 358 neque
1045 295 1171 334 etiam
1202 295 1320 334 metri
1337 296 1497 351 legibus
1518 294 1594 334 hac

166 348 331 387 ratione
357 347 653 388 detrimentum
671 348 762 388 fieri
781 348 932 389 sentio.
962 349 1097 390 scribe
1122 351 1264 404 itaque
1285 359 1420 391 totum
1436 353 1593 390 locum:

165 405 241 453 ἤδη
261 404 355 446 Μὲν
372 403 457 457 ᾤαν
474 403 527 453 αἶς
545 403 596 445 ἄν
620 400 803 457 λούμενοι
820 402 1126 460 προζωννυνται.
1169 404 1302 447 vides
1304 420 1368 446 me
1386 414 1594 460 praeterea

166 459 348 512 λούμενοι
374 474 583 510 exarasse,
617 460 730 513 quod
761 461 862 500 satis
889 463 1041 500 clarum
1069 470 1174 514 puto
1203 475 1257 500 ex
1275 461 1471 516 sequenti
1491 477 1594 514 προ-

166 514 400 565 ζώννυνται·
430 517 519 553 iam
550 516 718 568 quadem
723 517 840 568 pelle,
872 525 1073 568 tanquam
1090 519 1130 556 εἰ
1154 517 1342 556 laventur
1341 519 1595 570 ,praecingi

166 573 310 610 solent.
339 571 485 624 itaque
503 580 663 617 textum
686 571 904 612 restituere
925 585 1010 610 non
1042 571 1260 621 dubitavi,
1289 586 1383 611 cum
1404 571 1450 610 in
1472 571 1523 614 C.
1541 574 1592 612 A.

165 627 268 667 haec
298 626 424 681 lectio
453 625 678 666 adnotetur
706 620 929 674 aKuelzm’o
958 636 1000 666 et
1029 626 1241 679 probetur.
1271 641 1358 667 non
1387 637 1523 666 tamen
1551 636 1595 668 et

167 685 299 724 Salm.
317 679 455 721 lectio
489 680 725 733 abiicienda
756 681 936 724 videtur.
971 682 1180 737 Cingulo
1198 696 1298 722 vero
1315 681 1591 722 circumdatos

165 739 296 778 fuisse
314 736 491 777 athletas
512 751 576 776 res
598 746 661 777 est
682 737 916 788 notissima,
943 751 1080 792 neque
1101 751 1206 792 opus
1225 747 1272 777 ut
1290 739 1489 790 exemplis
1507 752 1593 777 rem

166 794 430 844 confirmem,
462 792 575 846 quod
614 793 663 831 ab
693 793 787 831 aliis
817 792 992 833 ubertim
1021 793 1178 833 factum
1206 802 1281 832 est.
1335 791 1432 834 Vid.
1460 794 1594 832 Fabri

163 852 361 902 Aaonist.
398 849 492 887 Viri
521 848 779 897 doctissimi,
810 848 847 887 si
873 848 974 889 haec
1002 863 1090 888 mea
1116 847 1389 902 displiceant,
1420 849 1591 889 meliora

163 903 505 957 suppeditabunt.
572 905 740 956 [Meam
769 903 1102 944 emendationem
1129 903 1225 956 ideo
1258 904 1437 944 maxime
1463 917 1592 958 cogor

165 961 359 1010 abiicere,
390 958 504 1012 quod
525 958 832 999 incommodare
854 959 1044 1000 videatur
1063 959 1184 999 metri
1199 958 1376 1014 legibus.
1407 958 1477 999 sed
1497 973 1592 1012 pro-

163 1026 255 1068 pter
286 1030 358 1063 ea,
371 1027 504 1082 ”quae
531 1013 770 1067 disputavi,
807 1014 914 1054 mihi
944 1029 1031 1055 non
1062 1013 1233 1054 dubium
1263 1013 1452 1064 videtur,
1476 1015 1591 1067 quin

164 1072 322 1109 Pollux
356 1070 436 1125 ᾥαν
458 1070 554 1118 illa,
586 1085 666 1124 qua
688 1069 803 1120 dixi,
826 1070 1141 1134 significatione
1163 1070 1389 1123 protulerit
1414 1084 1467 1109 ex
1485 1070 1593 1110 Phe-

163 1135 336 1166 recr.ate
367 1126 418 1166 de
448 1123 650 1178 legitimis
679 1126 872 1165 versiculi
902 1126 1095 1179 pedibus
1108 1125 1145 1164 si
1175 1125 1284 1193 quis
1295 1125 1351 1166 sit
1369 1125 1589 1175 sollicitus,

163 1197 249 1221 non
272 1185 402 1222 multo
433 1180 577 1221 labore
613 1181 803 1235 reperiet.
835 1182 895 1220 sic
916 1181 1042 1221 modo
1064 1180 1245 1236 refinge.
1272 1179 1321 1224 ‘O
1339 1183 1410 1234 μὲν
1431 1181 1517 1235 (ᾆαν
1536 1199 1592 1230 ως

161 1258 214 1280 αν
245 1236 433 1290 λουμενος
468 1231 746 1290 προζοῖννυται.
812 1235 862 1278 si
894 1239 988 1291 quis
1016 1247 1151 1275 tamen
1181 1237 1353 1276 omnino
1375 1241 1590 1306 vulgatam

161 1294 377 1343 maluerit,
410 1307 501 1331 cum
531 1306 580 1331 eo
613 1291 805 1346 equidem
830 1293 1144 1332 contentionem
1174 1305 1262 1330 non
1285 1291 1529 1337 instituam.
1545 1291 1592 1330 id

162 1361 298 1388 tamen
321 1349 366 1386 in
388 1347 534 1414 primis
554 1362 714 1386 mecum
733 1348 850 1396 facit,
883 1347 993 1401 quod
1015 1347 1124 1386 lotio
1147 1349 1260 1384 uuna
1282 1347 1458 1398 ratione,
1476 1346 1592 1401 quod

161 1405 301 1454 sciam,
334 1402 387 1442 ad
407 1421 480 1452 την
497 1401 798 1456 παιδοτριβικην
815 1404 1036 1456 pertineat.
1093 1403 1162 1440 Ex
1177 1401 1424 1457 Addendis]

269 1470 522 1523 καταλέγων]
553 1469 600 1509 C.
631 1469 683 1513 V.
714 1469 989 1524 καταλέγοντα.
1046 1470 1228 1509 Kuzmae.

271 1525 496 1578 λουομὲνῳ]
543 1525 590 1565 C.
626 1524 673 1563 A·
701 1527 966 1591 λουομένοιπ.
997 1528 1078 1580 leg.
1109 1519 1313 1576 λουόοενοι
1334 1526 1412 1562 lota·
1439 1525 1589 1578 pellem

160 1583 244 1624 sibi
276 1582 560 1635 succingunt.
602 1581 733 1621 Salm.
771 1580 1038 1634 προζώννυται
1066 1581 1182 1623 inV.
1214 1580 1262 1620 C.
1302 1580 1458 1634 legitur
1486 1597 1588 1623 πεω-

160 1641 367 1691 ζωννυται.
404 1639 495 1689 lege
510 1634 803 1688 περιζώννυται.
857 1638 1033 1678 Kumm.
1291 1656 1295 1659 ·

273 1693 494 1747 λουομένῳ]
539 1694 636 1733 MS.
665 1694 854 1747 λουμένῳ
910 1694 967 1731 Et
992 1694 1051 1731 ita
1086 1691 1259 1730 omniuo
1288 1703 1489 1743 reponere
1520 1689 1596 1731 dez

159 1752 248 1805 bes,
275 1753 344 1791 vel
362 1748 482 1788 metri
502 1762 637 1787 causa.
694 1750 772 1788 Est
796 1749 908 1789 enim
927 1748 1089 1802 integer
1112 1747 1321 1788 senarius:

323 1817 397 1868 ἥδη
425 1816 500 1868 μὲν
529 1811 610 1869 ᾡαν
637 1816 811 1869 λουμένῳ
837 1812 1135 1868 προζώννυνται.
1191 1814 1321 1856 Iuno.

267 1881 477 1939 μηλωτην]
526 1882 701 1934 Inter-pr.
724 1883 877 1936 pellem
908 1884 1118 1935 agninam.
1167 1877 1444 1936 61.μηλωτη,
1463 1884 1588 1936 pellic
1642 1858 1650 1930 Ἰ.

160 1945 323 1982 lanata.
381 1939 559 1979 Kuznn.

831 2010 922 2050 182.

277 2061 426 2117 Νικᾷδ
448 2063 504 2116 ᾤα
531 2060 637 2126 οιαὶ]
669 2058 713 2101 C.
738 2059 785 2101 Δ.
784 2071 903 2128 post
923 2059 1131 2114 υπουργεῖ·
1160 2077 1214 2110 ως
1222 2057 1450 2112 ’Ἐομιππος
1477 2060 1591 2116 Νικᾷ
1631 2083 1634 2086 ·

163 2120 207 2162 δ’
227 2130 309 2164 etc,
347 2121 392 2158 in
418 2105 553 2158 G'toss.
591 2111 889 2182 ἅβαποτρόᾳος,
915 2117 1057 2168 pellio.
1094 2115 1169 2154 ubi
1199 2118 1346 2155 vellem
1372 2115 1540 2156 absente
1559 2124 1590 2172 β
1626 2123 1633 2168 J

162 2178 247 2232 legi
263 2171 529 2228 ὅαποιρόᾳος·
559 2172 641 2211 nisi
661 2177 690 2223 β
713 2171 910 2211 insertum
934 2173 989 2210 sit
1008 2171 1302 2223 euphonicum.
1356 2172 1533 2215 Kumm.

271 2229 424 2285 Νικᾷδ’
443 2231 501 2285 ῳά
522 2239 600 2270 etc.
613 2227 634 2283 ]
664 2228 760 2269 MS.
797 2225 953 2282 Νικᾷδ’
973 2225 1033 2271 ὥά
1064 2225 1234 2278 λιθήνην
1258 2245 1301 2280 μ.
1357 2226 1436 2268 Sed
1449 2242 1588 2269 emen·
1630 2232 1633 2238 “

162 2288 301 2328 datum
324 2290 499 2338 λιθίιην.
555 2286 680 2326 lune.

270 2352 426 2408 Νικᾷδ’
444 2354 501 2406 ῳά
533 2359 570 2395 λ.
609 2362 689 2392 etc.
697 2355 711 2400 ]
765 2352 988 2402 Hermippi
1014 2352 1178 2390 Mlites
1202 2347 1244 2390 et
1271 2323 1420 2389 Pollux
1446 2360 1589 2390 noster

162 2412 329 2462 saepius
363 2419 405 2450 et
444 2409 519 2448 alii
555 2421 724 2461 quoque
753 2407 974 2460 scriptores
1005 2405 1190 2446 laudant.
1234 2406 1390 2446 Mears.
1425 2405 1468 2443 in
1490 2406 1586 2448 Act

164 2467 370 2505 Bibliotlz.
407 2464 519 2504 Loci
540 2477 684 2502 sensus
707 2462 741 2500 is
762 2472 837 2510 est,
870 2461 1026 2514 quod
1002 2464 1059 2515 qia
1080 2461 1227 2499 utilior
1247 2461 1301 2498 sit
1318 2471 1359 2499 et
1378 2470 1588 2510 praestan·

163 2523 247 2562 tior
267 2523 403 2577 λιθίνη
426 2518 604 2574 μάκτρᾳ,
636 2518 722 2557 nisi
745 2518 836 2572 quis
867 2528 1105 2571 corruptum
1130 2526 1270 2569 putet:
1295 2519 1458 2566 λιθίνην
1479 2513 1589 2570 mix-

1655 1848 1656 1856 .
1649 1819 1651 1825 -
1648 1789 1652 1806 ‡—
1646 1630 1656 1778 maana—1..
