1690 2996
169 94 275 153 1400
781 109 834 149 x.
893 113 959 154 44.

167 225 232 276 ¹95
249 229 326 260 etc.
357 219 562 273 particula
580 219 620 262 δὲ
643 221 906 273 transposita.
964 222 1033 261 De
1053 221 1170 260 hisce
1191 221 1300 261 vasis
1321 220 1422 261 hinc
1439 221 1580 260 memi-

167 264 235 315 nit
257 286 298 314 et
317 276 446 327 Bayf.
478 275 571 317 libr.
603 275 653 315 de
687 276 908 315 Vasculis'
896 291 939 314 m
958 277 1007 318 L.
1039 279 1226 328 quamvis
1249 277 1286 330 §.
1302 280 1358 315 εἰ
1373 285 1509 316 autem
1529 275 1580 316 de

169 346 255 371 aur.
286 341 327 369 et
349 345 432 384 arg.
462 333 540 384 leg.
572 330 622 370 de
649 334 790 369 lasano
826 333 997 370 Foesius
1029 332 1189 372 oecon.
1218 333 1416 383 Elppocr.
1444 332 1489 371 in
1510 329 1579 374 λα’-

167 403 302 430 σανον.
342 396 381 425 et
400 387 640 437 Leopardus
660 386 734 426 XI.
765 387 938 428 Emend.
964 401 1000 440 7.
1057 388 1185 426 InnG.

280 443 346 483 καὶ
367 439 541 510 λα’σανα]
590 443 655 483 καὶ
687 455 770 481 non
798 453 967 510 apparet
991 443 1035 481 in
1073 441 1120 482 C.
1151 443 1202 482 A.
1229 450 1279 480 ut
1313 450 1356 480 et
1385 453 1492 495 quae
1518 454 1579 481 se-

157 508 355 562 -quuntur
374 511 395 536 a
417 494 529 540 καὶ’
502 499 592 550 αμὶς
612 511 739 566 usque
758 497 808 535 ad
826 493 1013 550 ου’ρᾶνην.
1070 497 1248 536 KUEHN·

278 551 385 600 ἀμίς.
416 551 464 601 ἢν
479 554 546 595 καὶ
564 553 670 605 Σοφ.
698 551 741 594 ἐν
763 554 922 617 Hav05]
954 553 1040 594 MS.
1068 553 1161 604 ἅμις
1171 564 1181 573 ⁰
1205 550 1253 602 ἦν
1270 551 1442 603 Σοφοκλ.
1473 549 1579 590 illud

154 609 275 647 ,falso
302 617 486 647 accentu.
526 608 629 658 hoc,
666 607 778 660 quod
812 608 968 647 omittit
995 608 1237 660 particulam
1259 609 1334 655 καὶ,
1363 606 1506 659 probe,
1532 606 1579 644 ni

151 665 306 706 .fallor,
346 664 551 716 Sophoclis
580 664 785 701 Pandora
813 673 854 702 et
880 663 991 717 apud
1010 664 1267 702 Athenaeum
1292 661 1509 707 laudatur,
1538 669 1580 702 et

158 719 278 772 ¹apud
308 720 482 770 Hesych.
513 719 671 771 duplici
704 719 896 767 nomine,
930 717 1133 772 Πανδώρᾳ
1160 717 1187 768 ἢ
1211 712 1503 773 σφυροκόποις,
1530 725 1580 756 ut

167 774 386 813 adnotavit
409 775 582 815 Casaub.
610 783 752 813 noster
772 774 867 813 VII.
898 774 1047 814 Athen.
1075 773 1115 813 4.
1170 774 1298 817 quG.

274 835 474 892 ου’ρανην]
504 841 568 878 Ita
588 850 629 879 et
649 849 788 878 noster
805 839 896 878 MS.
925 842 1031 878 male
1051 849 1170 878 antea
1190 837 1374 892 ου’ρῆνην,
1402 837 1515 893 qnod
1537 847 1579 878 et

166 910 188 935 a
220 898 366 947 Bayfio
394 896 466 934 lib.
507 894 557 933 de
589 896 755 934 Vascul.
793 903 1021 942 retentum,
1058 894 1267 934 edebatur.
1306 907 1381 963 pro
1423 907 1507 947 quo
1535 903 1578 933 et

165 952 224 992 Η
258 951 488 1002 Stephanae
509 949 620 989 hic·
607 965 650 988 in
683 963 759 988 suo
791 948 947 988 Codice
979 948 1266 988 emendaverat
1297 945 1489 1004 mipoimn
1518 957 1577 1000 ut,

166 1007 334 1055 addens,
364 1007 518 1044 νιᾶεόἰε
545 1008 591 1043 in
628 1006 737 1043 Thes.
790 1005 847 1042 Et
876 1004 918 1041 in
955 1004 1196 1043 Thesauro‘
1183 1018 1318 1057 ipsum
1335 1007 1472 1044 locum
1489 1004 1579 1044 Ae-

165 1060 300 1114 schyli
325 1061 523 1107 adducit,
555 1074 674 1113 quem
698 1069 740 1098 et
756 1074 833 1112 ego
852 1058 956 1097 mihi
981 1069 1220 1099 notaveram
1241 1059 1350 1112 apud
1369 1060 1580 1098 Athenae-

166 1132 235 1155 um
261 1117 353 1157 libr.
383 1117 417 1158 Ι.
454 1116 710 1168 Dipnocoplz.
753 1114 892 1154 drama
921 1115 1185 1168 Aeschyleum
1213 1129 1300 1155 non
1326 1115 1577 1180 nominatur,

165 1186 260 1226 IPSI·
273 1185 409 1213 VOI'SUS
431 1181 550 1210 sunt.

430 1247 497 1291 ὅδ’
526 1248 634 1291 ἐστιν
662 1248 706 1297 ὅς
730 1243 832 1290 πότ’
858 1245 960 1300 ἇμᾳῖ
987 1248 1075 1300 ἐμοὶ
1098 1247 1214 1299 βέλος

428 1303 693 1376 φεηλωτοποιόν
720 1302 790 1352 τήν
826 1301 1023 1354 κάκοσμον
1058 1300 1232 1358 οὐράνην

429 1360 618 1416 ἔῤῥιψεν,
645 1355 734 1401 οὐδ’
762 1358 923 1413 ἥμαρτε.
952 1368 1028 1399 etc.

157 1439 250 1480 ,Ubi
278 1448 321 1479 et
357 1439 479 1478 aliam
516 1438 661 1494 χρῆσιν
692 1435 819 1477 habes
847 1449 870 1476 e
894 1436 1098 1488 Sophoclis
1131 1433 1308 1492 Ἀχαιῶν
1345 1437 1572 1492 συνδείπνῳ·
1595 1450 1600 1455 ·

162 1498 395 1602 ΙυΝῦέύῗφῒιξι
391 1550 463 1601 ην]
486 1549 556 1588 Sic
572 1547 737 1602 quidem
757 1546 1034 1595 scribendum,
1058 1556 1105 1586 ut
1123 1556 1164 1586 et
1180 1547 1362 1600 optimus
1376 1548 1574 1587 Falcben-

165 1608 306 1659 but-gii
325 1605 469 1644 Codex
498 1603 664 1652 habuit,
697 1602 869 1656 vidique
895 1603 1017 1642 etiam
1048 1602 1253 1642 eruditum
1283 1602 1487 1656 quendam
1511 1603 1574 1643 vi-

164 1677 254 1702 rum
275 1660 326 1699 ad
342 1661 437 1699 libri
455 1660 521 1699 sui
535 1673 644 1698 oram
665 1659 723 1697 ita
742 1668 906 1697 notasse
922 1674 935 1696 .-
963 1656 1132 1711 ου’ρήνην
1152 1657 1261 1696 enim
1277 1667 1374 1697 ante
1392 1659 1573 1697 Sebatum

162 1717 249 1757 fuit
269 1716 439 1765 editum,
471 1717 589 1754 aliter
609 1728 655 1753 ac
685 1714 824 1752 cuncti
839 1714 952 1753 MSS.
967 1716 1127 1753 volunt.
1148 1714 1216 1752 De
1233 1713 1356 1766 α’μίδι,
1367 1727 1488 1767 quam
1508 1715 1573 1752 So-

157 1774 323 1826 Phoc-les
345 1771 562 1823 usurpavit
581 1770 626 1807 in
644 1770 846 1819 Pandora,
864 1770 981 1807 cuius
1000 1778 1285 1831 argumentum
1303 1769 1467 1808 fabulae
1484 1783 1572 1808 non

163 1829 243 1868 erit
260 1830 387 1890 paulo
406 1827 450 1864 in
471 1825 737 1890 antiquorum
764 1825 1041 1863 monumentis
1061 1823 1259 1864 versatim·
1281 1824 1354 1877 qui
1373 1838 1458 1864 non
1481 1837 1504 1863 e
1521 1824 1572 1862 ti-

163 1885 254 1922 tulo
278 1881 494 1933 percipiat,
513 1881 700 1919 meminit
712 1881 988 1944 Etymologua,
1002 1877 1260 1931 exponitque
1276 1878 1486 1934 ουροδόχον
1500 1877 1573 1947 ἆγ-

162 1940 282 1992 γεῒον.
313 1937 441 1974 fuerit
467 1944 601 1974 autem
632 1949 683 1973 ex
715 1936 802 1974 eius
832 1935 1034 1986 opinione
1059 1936 1279 1974 formatum
1309 1944 1357 1973 ut
1386 1949 1409 1974 a
1437 1932 1572 1988 σκάφη

163 1993 320 2043 σκαφὶς,
335 1992 395 2029 sic
417 2000 458 2029 et
479 1990 568 2028 ab'‘
541 2008 621 2042 αμη
640 1989 745 2042 ἀμίς
767 1991 997 2042 Hesychius
1015 1991 1138 2029 item.-
1154 1987 1283 2042 ’Λμῖς,
1302 1993 1505 2045 σταμιὶον.
1525 1991 1571 2029 in

169 2049 324 2087 Glossis
350 2047 484 2097 enim,
513 2047 701 2096 issanda,
725 2050 929 2098 σταμνίον.
986 2046 1188 2096 Lepidam
1217 2046 1262 2085 id
1293 2057 1380 2086 erat
1408 2057 1449 2086 ct
1476 2060 1572 2085 acu-

163 2114 252 2142 tum
283 2102 560 2141 Themistoclis
584 2100 754 2150 dictum,
778 2101 891 2151 quod
909 2101 1110 2139 Aelianus
1132 2111 1424 2140 commemorat
1445 2102 1501 2142 H.
1520 2101 1570 2140 V.

162 2159 294 2210 XIII,
332 2164 394 2197 40.
452 2155 723 2196 Athenienses
762 2157 878 2195 illum
915 2156 1107 2194 affectum
1143 2154 1395 2195 contumelia
1430 2155 1568 2195 denuo

162 2223 258 2268 post
277 2213 327 2252 ad
344 2226 425 2252 rem
444 2211 648 2264 publicam
681 2211 966 2264 capessendam
988 2211 1238 2252 evocabant.
1267 2221 1353 2250 tum
1376 2210 1467 2250 ille.
1497 2209 1570 2252 οὐκ

164 2270 317 2312 ἐπαινῶ
336 2285 425 2315 τους
444 2283 639 2314 τοιουτους
659 2267 812 2317 α’νδοας,
842 2272 884 2308 οί
900 2283 999 2314 τινες
1017 2284 1088 2315 την
1108 2265 1231 2315 αὐτην
1245 2265 1365 2318 οἷμίδα
1381 2267 1448 2308 καὶ
1467 2269 1569 2309 οἰνο-

160 2322 255 2380 χόην
285 2325 437 2377 ἔχουσι,
479 2337 521 2362 se
550 2320 710 2361 scilicet
737 2323 830 2360 illos
860 2322 969 2360 cives
1000 2334 1086 2359 non
1117 2320 1285 2361 laudare
1311 2320 1569 2375 significans,

164 2381 237 2434 qui
257 2390 371 2420 tanta
393 2377 646 2419 mobilitate
653 2377 880 2416 animorum
904 2385 1062 2425 essent,
1089 2386 1135 2414 ut
1157 2375 1329 2415 eundem
1351 2386 1391 2415 et
1408 2375 1570 2416 abiice-

163 2444 256 2474 rent
284 2445 410 2488 atque
442 2433 654 2486 despectui
683 2432 900 2479 haberent,
932 2442 973 2471 et
990 2431 1040 2470 ad
1060 2444 1238 2470 summos
1265 2445 1340 2484 pro
1366 2431 1569 2471 arbitratu

161 2490 341 2529 honores
360 2488 593 2529 eveherent.
651 2489 825 2528 suidas:
852 2487 1018 2542 Ἀμίδα,
1046 2485 1280 2539 ουόητρίδα,
1309 2485 1476 2542 ου’ρηρόν
1499 2486 1568 2540 oir-

160 2548 283 2600 yeiov·
312 2548 377 2588 καὶ
408 2543 575 2599 ἀμίδας,
602 2542 653 2587 τοὶ
678 2544 896 2602 ὑπηρέσια·
926 2543 999 2583 ubi
1026 2551 1112 2582 tum
1146 2556 1197 2582 ex
1227 2544 1367 2595 Vespis
1396 2543 1568 2582 Aristo-
