1656 2976
721 72 777 114 X.
836 78 927 119 134.
1410 77 1516 118 1713

100 181 272 223 memini
291 181 742 237 dixisse->rectissim03
771 182 881 229 ὄλκοὶ
898 184 1024 227 iidem
1054 185 1126 240 qui
1148 186 1371 240 χαμουλκοὶ,
1399 194 1448 225 nt
1463 199 1517 225 ex

99 238 299 292 Enyo-hio
325 249 368 280 et
394 240 632 293 Etymologo
655 250 794 294 potest
822 242 1021 296 intelligi.
1069 243 1319 294 Wueydides
1338 241 1414 285 lib.
1432 240 1515 281 111.

100 306 191 347 cup.
209 293 272 336 15.
285 295 352 337 καὶ
361 293 796 350 ὄλκοῦςπαρεσκεῦαζον
814 302 891 339 ταῖν
907 302 1007 339 νεῶν
1025 298 1066 340 ἒν
1083 303 1138 354 τῷ
1154 296 1308 354 Ἰσθμῷ
1327 295 1380 346 ὥς
1397 295 1521 350 ὖπερε.

101 351 274 399 οἴσοντες
298 351 341 394 ἐκ
358 355 426 404 τῆς
446 353 655 403 Κορίνθου
673 355 727 402 εἷς
740 351 812 406 τὴν
829 351 930 407 πρὸς
945 350 1119 407 Ἀθήνας
1136 353 1341 396 θάλασσαν
1354 365 1363 375 ·
1382 352 1515 394 schol.

100 406 143 448 οἰ
171 403 282 448 ὁλκοὶ
310 404 457 462 ὄργανα
487 408 607 459 εέσὶν,
634 406 694 458 οἷς
715 410 758 451 αἱ
777 413 869 461 νῆες
891 410 1077 452 ἕλκονται.
1130 406 1368 464 Ἀπόβαθρα
1385 410 1514 462 paulo

98 469 195 514 post
220 471 393 502 accentu
418 466 527 502 malo
551 472 741 504 notatum
769 465 874 511 fuit,
903 478 1024 518 quem
1057 465 1286 505 emendavi.
1324 462 1518 504 meminit

99 517 319 557 Luc-ianm
348 517 394 557 in
431 519 640 572 Navigio,
677 519 727 559 ad
756 533 875 574 quem
901 519 1048 563 σκάλαν
1079 520 1236 560 dixisse
1263 519 1516 561 recentiores

100 569 407 613 commentator
431 574 630 629 antiquus
657 575 841 618 adnotat.
873 575 958 616 vid.
989 576 1024 627 Ι,
1056 576 1121 631 95.
1152 578 1360 631 Διφθέρας
1388 573 1517 613 navi-

100 625 178 666 bus
199 627 399 668 obductas
418 632 547 683 pelles
566 639 745 684 aegeum
768 631 950 671 Romani
979 641 1152 672 vocant.
1183 633 1374 671 Glossae:
1402 643 1518 683 sege-

98 689 241 735 nrum,
253 685 424 738 διφθέρα
439 687 595 728 πλοίου.
635 688 811 727 Festus:
837 688 1093 739 Δέρῤειςϋῐο
1107 687 1382 727 scribendum.
1414 683 1514 724 vid.

101 749 138 788 1,
171 737 259 793 95.)
292 740 441 780 Graeci
470 742 686 793 appellant
707 744 834 794 pelles
858 746 1076 792 nauticas,
1114 758 1218 796 quas
1237 758 1307 781 nos·
1325 755 1518 780 vocamus

102 797 318 846 aegentia.
335 798 493 850 βυρσῶν
514 797 695 851 ἐπιβολὰς
714 800 931 837 Lucienus
952 798 1066 838 dieto
1086 800 1251 851 saepius
1273 798 1419 838 libello
1441 810 1516 836 vo-

100 857 178 887 cnt.
214 847 293 889 hae
313 853 439 904 pelles
459 852 636 892 navibus
659 853 1019 905 insinuabantur,
1054 863 1101 893 ut
1122 854 1201 894 hoc
1223 855 1353 907 magis
1379 860 1518 892 essent

99 911 216 943 tntae
234 904 287 944 ab
307 906 422 946 omni
443 907 548 946 aeris
566 911 922 962 procellarumque
945 909 1114 954 iniuria.
1144 909 1244 949 alibi
1265 914 1381 963 plura
1398 917 1516 946 nota·

99 956 167 998 bo.
221 963 464 1011 Δακτυλίους
482 962 618 1004 Siculi
637 968 838 1019 λογγῶνας
859 964 1076 1014 vocabant,
1107 965 1158 1006 de
1179 980 1255 1018 qua
1276 978 1378 1004 voce
1396 971 1519 1003 nota-

99 1013 145 1052 vi
161 1012 212 1053 ad
232 1015 309 1067 IX,
342 1015 430 1058 156.
471 1019 816 1072 Falckenburgius
831 1029 902 1058 aut
919 1019 1158 1074 quicunque
1175 1020 1211 1059 is
1233 1020 1287 1059 sit
1311 1033 1432 1074 quem
1454 1018 1517 1057 ita

98 1069 381 1125 nominamus,
409 1083 506 1113 ante
525 1073 723 1117 δακτύλιοι
741 1089 764 1115 e
781 1089 856 1114 suo
879 1074 1038 1115 Codice
1060 1077 1225 1116 notavit
1245 1075 1374 1127 ὄλμοι·
1404 1075 1517 1113 forto

98 1121 227 1178 ὅρμοι,
255 1140 360 1180 quae
379 1143 463 1168 vox
482 1128 583 1169 hnic
599 1133 696 1170 loco
717 1145 800 1169 non
822 1133 926 1169 male
946 1131 1176 1182 convenit;
1206 1131 1359 1172 seimus
1377 1139 1515 1170 antem

97 1193 183 1220 non
203 1195 296 1222 raro
317 1183 458 1223 literas
477 1189 498 1225 λ
515 1194 557 1224 et
574 1202 597 1239 ρ
618 1185 662 1224 in
683 1186 803 1227 MSS.
828 1186 1050 1226 confundi.

205 1233 398 1293 ἆπόγεια]
426 1240 519 1280 Μ5.
543 1237 727 1296 οἷπὸγαια.
783 1247 862 1284 sas.

202 1289 398 1349 α’πόγεια]
429 1295 475 1335 C.
499 1296 550 1336 V.
571 1294 777 1350 ἆπόγειαι,
807 1299 959 1351 ἐπίγυα.
1001 1296 1050 1336 C.
1072 1295 1115 1338 A.
1136 1298 1305 1340 ἕπίστεια
1323 1305 1402 1341 ete.
1431 1297 1516 1351 δέῤ-

95 1346 201 1398 ὀιδες
226 1350 264 1392 δ.
293 1349 512 1403 δακτύλιοι,
542 1348 596 1401 ὥς
625 1355 668 1395 οἱ
691 1354 943 1407 τετρημμὲνοι
969 1355 1078 1395 λίθοι
1102 1347 1157 1395 niv
1177 1352 1225 1396 τὰ
1241 1356 1433 1407 πείσματα
1449 1355 1518 1397 ἐκ·

95 1404 254 1446 δοῦνται
271 1415 280 1424 ·
311 1406 439 1447 Salm.
458 1405 642 1461 ἅπόγαια.
696 1414 844 1452 Kumm.

111 1470 114 1472 ’
205 1457 400 1515 ἀπόγεια]
428 1463 508 1503 Pro
529 1460 694 1519 ἀπόγεια
708 1463 808 1504 MS.
828 1473 909 1503 tam
934 1472 1078 1503 noster
1107 1478 1228 1518 quam
1260 1466 1400 1505 δῶσι-ἰ
1418 1461 1518 1508 aino-

95 1529 188 1570 γαια
203 1514 343 1564 habet,
371 1518 481 1557 sicut
511 1532 632 1572 supra
652 1519 775 1559 etiam
785 1518 900 1574 1‚93.
930 1520 1119 1572 quamvis
1134 1519 1193 1558 ibi
1214 1524 1346 1576 vulgo
1359 1530 1516 1561 utrum-

99 1582 180 1622 que
199 1567 382 1625 ἅπὸγαια,
412 1571 599 1627 ἀπόγεια,
630 1588 704 1627 pro
724 1588 899 1628 quorum
919 1577 1049 1613 altero
1072 1574 1129 1613 ibi
1149 1575 1240 1616 MS.
1266 1578 1414 1631 ἐπίγεια
1435 1576 1516 1616 ha..

98 1623 234 1671 bebat.
267 1625 336 1665 hic
356 1642 452 1667 vero
473 1643 548 1682 pro
573 1631 722 1684 ἐπίγεια
740 1628 935 1669 mendose
953 1630 1098 1668 scribit
1117 1631 1270 1686 ἐπὶγυα.
1326 1638 1432 1672 Iuno.

125 1694 130 1699 ’
206 1679 384 1736 ἄγκυραι,
403 1686 505 1737 etc.]
535 1684 631 1726 MS.
650 1701 690 1726 π.
710 1681 877 1739 ἆγκύρα,
909 1682 1032 1727 ὄλκοί.
1086 1691 1196 1726 que.

207 1733 344 1791 οὖροι]
374 1739 438 1778 Ita
458 1751 500 1779 et
522 1740 612 1783 MS.
629 1739 799 1793 Inter-pr.
819 1739 932 1780 redd.
952 1741 1150 1793 navalia,
1181 1755 1285 1795 quae
1300 1741 1370 1785 Gr.
1385 1737 1515 1795 odeat.

95 1790 180 1835 vid.
197 1792 370 1846 Hesych.
391 1804 431 1833 et
449 1796 570 1836 Suid.
626 1801 707 1837 san.

208 1843 344 1903 οὖροι]
373 1851 471 1891 MS.
489 1846 616 1903 οὖροι.
672 1854 729 1892 Et
749 1845 863 1902 οὖροι
885 1851 944 1891 ita
967 1860 1009 1891 et
1031 1852 1168 1891 Seben·
1186 1851 1282 1894 MS.
1299 1852 1415 1906 prior
1428 1852 1516 1893 edi..

96 1902 156 1943 tio
177 1895 291 1956 οὖροι
309 1906 418 1945 enim
442 1906 634 1948 habebat.
668 1906 739 1947 sed
765 1906 863 1949 MS.
890 1907 1111 1947 lectionem
1145 1908 1278 1948 firmat
1305 1917 1346 1947 et
1371 1911 1516 1962 Hesy-

94 1959 213 1999 chius
233 1960 291 1999 ita
313 1961 520 2003 scribens:
555 1962 725 2017 Οὕρους,
755 1961 944 2014 φύλακας,
972 1961 1002 2016 ἢ
1023 1962 1070 2004 rei
1088 1961 1254 2017 νεώρια·
1284 1962 1330 2006 τοὶ
1348 1981 1516 2018 περιτει-

92 2016 274 2070 χίσματα,
302 2013 329 2069 ἢ
347 2014 394 2058 τὰ
412 2020 692 2072 περιορίσματα
715 2023 793 2060 τῶν
814 2022 988 2069 πλοίων,
1021 2017 1051 2071 ἢ
1068 2017 1114 2060 τὰ
1136 2018 1374 2073 ὁρμητήρια,
1400 2014 1517 2062 δι’ἇν

94 2072 371 2113 καθέλκονται·
407 2075 596 2126 quamvis
619 2075 769 2114 Suidas
796 2073 942 2126 οὖροὺς
966 2073 1159 2124 ὀξυτόνως
1179 2075 1336 2125 edicat,
1371 2077 1414 2113 in
1436 2075 1516 2115 hae

96 2125 262 2180 quidem
282 2127 606 2182 significatione,
647 2130 715 2168 cui
745 2139 786 2169 et
815 2132 1279 2183 Etymulogicograplzus
1310 2131 1515 2170 adsentiri

93 2179 278 2234 videtur;
307 2194 348 2222 et
364 2198 560 2234 expresse
585 2184 796 2234 ὀξύνεσθαι
823 2185 945 2224 docet
973 2187 1092 2224 istam
1124 2199 1266 2224 vocem
1297 2187 1340 2225 in
1370 2186 1446 2225 hae
1469 2201 1515 2227 re

94 2237 339 2276 Eustatlziue
350 2238 406 2294 ad
424 2237 492 2282 Ἰλ.
513 2243 550 2294 β.
573 2241 807 2280 Herennius
833 2242 950 2280 Philo
977 2240 1029 2280 de
1057 2240 1146 2282 diff.
1176 2235 1296 2293 οὖρος
1310 2243 1376 2283 καὶ
1394 2240 1516 2296 οὗρός

93 2292 286 2346 διαφέρει·
317 2294 436 2347 οὖρος
457 2295 540 2347 μὲν,
570 2293 768 2349 ὅόἶνεμος·
799 2295 920 2349 οὐρὰς
940 2297 993 2344 δὲ,
1024 2293 1046 2337 ὅ
1065 2295 1200 2346 τόπος,
1229 2294 1257 2349 ἢ
1271 2296 1315 2339 τὸ
1332 2295 1511 2351 νεώριον,

98 2342 255 2400 Οὖρούς
273 2345 302 2388 τ’
323 2348 578 2405 ἐξεκάθαιρον
594 2374 648 2383 ·—
669 2362 711 2391 et
732 2352 839 2390 infra
861 2365 983 2404 segm.
1010 2350 1100 2391 148.
1124 2353 1217 2392 MS.
1238 2362 1379 2393 noster
1397 2349 1515 2407 οὖροι

93 2399 241 2440 iterum
269 2403 313 2441 in
335 2404 414 2444 hae
445 2420 512 2454 re,
544 2406 614 2445 sed
640 2406 690 2445 ab
703 2407 788 2444 alio
803 2406 1062 2445 emendatum
1079 2437 1090 2456 ,
1116 2417 1166 2444 ut
1184 2410 1312 2462 vulgo
1332 2419 1414 2459 est,
1447 2405 1513 2452 οὗ·

94 2457 176 2507 ροί·
207 2457 355 2510 quibus
381 2461 524 2514 itaque
554 2461 721 2501 videtur
736 2462 809 2499 vix
833 2460 1210 2506 contradicendum.
1247 2465 1513 2516 Hesychiana

93 2522 192 2549 vero
214 2513 414 2567 scriptura
433 2515 578 2572 οὔρους
600 2516 824 2558 conveniat
846 2519 990 2558 saltem
1012 2516 1171 2571 primae
1190 2517 1510 2574 significationi,
