1690 2996
208 88 315 127 1474
827 83 882 124 X.
939 88 1008 128 63.·

205 192 336 247 ὥσπερ
361 193 455 246 λε’χω
485 193 696 250 σρατιῶτης
723 195 762 244 ἐξ
785 190 958 244 Ἰωνίας.
1015 194 1133 250 Quae
1167 190 1219 235 an
1253 196 1313 236 ita
1348 197 1626 252 concipienda

202 263 243 290 et
264 250 436 304 legenda
451 267 464 290 .-

472 307 577 354 ὅστις
595 303 742 347 πύελον
763 303 871 358 ἥκεις
889 306 986 359 ἔχων
1002 307 1069 348 καὶ
1087 309 1259 361 χαλκίον,

473 359 598 412 ὥσπερ
622 361 714 414 λεχώ
736 367 956 414 στρατιῶτις
975 363 1011 412 ἐξ
1027 360 1198 412 Ἰωνίας.

205 415 328 455 Certe
351 418 510 468 χαλκίον
537 416 757 471 legendum
793 419 858 455 vel
887 431 930 456 ea
954 431 1056 469 quae
1075 428 1304 472 sequuntur
1321 417 1512 472 probant.
1568 421 1620 460 Iu

203 472 257 510 iis
280 471 412 520 enim,
443 487 567 526 quum
597 472 736 512 eadem
755 471 888 525 χρήσει
905 474 1120 524 Eupolidis
1140 476 1445 524 contineretur,
1475 474 1519 514 id
1548 489 1624 515 ex-

204 527 346 579 plicat.
403 528 469 566 Ita
495 528 602 568 enim
633 537 726 580 post
753 527 856 567 haec
885 529 978 568 MS.
1008 539 1173 568 noster:
1212 531 1279 572 καὶ
1304 528 1380 599 γὰρ
1399 527 1443 572 τὰ
1463 533 1623 583 χαλκίον

205 584 246 624 ἕν
265 599 302 623 τι
323 588 399 624 ταῖν
419 588 604 637 λουτρῶν,
636 581 765 637 ὥσπερ
785 585 852 624 καὶ
873 585 1010 637 λέβης,
1028 586 1096 626 καὶ
1115 587 1278 637 τρίπους
1296 603 1317 628 ο
1333 584 1621 639 ἐμπυριβήτης·

203 639 368 692 egregie
397 641 548 678 omnia.
587 647 715 692 tuque
742 652 910 692 prorsus
941 640 996 678 ita
1020 640 1212 690 restitue,
1245 642 1414 694 quaein
1438 643 1628 696 vulgatis

201 695 529 733 mendosissima.
571 694 759 747 quamvis
783 704 823 733 et
842 697 1059 748 λουτηρίων
1077 699 1323 750 vulgatum,
1345 696 1387 735 id
1409 707 1495 746 est,
1523 703 1622 740 λου-

202 748 350 802 τήρων,
392 750 500 788 sicut
526 759 567 790 et
599 763 720 801 supra
742 751 890 788 Noster
918 749 1064 789 docuit
1094 764 1217 804 segm,
1234 751 1300 792 46.
1336 761 1379 791 et
1407 752 1504 798 VII,
1530 753 1619 794 168.

200 805 334 858 possit
365 808 502 844 locum
534 804 698 844 habere.
756 805 826 843 De
854 804 1020 855 tripode
1045 806 1300 858 empyribete
1321 807 1531 860 (quamvis
1550 808 1620 847 hic

200 862 244 899 in
264 860 354 900 MS.
373 870 475 911 erat,
506 875 556 900 ne
576 858 679 913 quid
703 874 787 898 non
808 858 1001 907 indicem,
1034 861 1316 914 ἐνπυριβήτης·
1346 863 1456 902 sieut
1482 873 1523 903 et
1545 878 1621 902 su-

201 930 273 968 pra
294 916 370 961 IX,
394 914 458 956 68.
495 915 570 953 ubi
594 915 760 962 notavi)
784 913 880 953 vide
901 928 1022 967 supra
1042 917 1119 963 IX,
1142 915 1207 957 68.
1226 927 1310 956 etc.»
1332 917 1403 956 ubi
1425 919 1547 957 etiam
1567 919 1618 958 de

198 971 420 1018 lebetibus,
449 981 490 1010 et
511 975 639 1025 χαλκῷ
654 970 850 1008 balneati.
909 970 1073 1010 videsis
1093 971 1231 1022 etiam,
1252 973 1345 1012 et-si
1362 972 1492 1020 lubet,
1514 987 1618 1025 quae

199 1041 250 1066 ex
275 1027 492 1066 Eustatlzio
522 1026 735 1075 adscripsi.
771 1039 864 1064 nam
891 1034 932 1064 et
963 1027 1040 1064 alia
1069 1026 1280 1079 tripodum
1312 1042 1460 1082 genera
1490 1029 1618 1077 fuere,

199 1096 287 1121 non
311 1096 413 1122 vero
434 1082 590 1121 balneio
607 1081 803 1132 adhibiti,
831 1089 881 1119 ut
897 1081 1173 1134 empyribetes
1194 1082 1273 1122 iste
1297 1084 1370 1136 qui
1391 1082 1618 1126 dicebatur.

198 1138 399 1177 Mendam
417 1152 516 1177 vero
543 1139 587 1176 in
611 1135 737 1190 ὥσπερ
760 1135 926 1186 κελεύεις
946 1140 1116 1191 vulgato
1144 1136 1299 1176 dudum
1316 1137 1514 1178 odoratus
1534 1139 1620 1179 fuit

200 1202 242 1234 et
261 1193 547 1248 sagacissimus
572 1192 874 1231 eruditissimus
904 1206 956 1232 ue
987 1195 1240 1233 Aristaeum·
1269 1193 1427 1244 editor,
1463 1208 1540 1248 pro
1566 1209 1622 1235 eo.

199 1248 329 1302 ὥσπερ
351 1251 417 1291 καὶ
435 1250 550 1303 λέβης
567 1247 828 1287 scribendum
847 1261 868 1286 a
901 1261 1071 1287 monens
1083 1248 1208 1288 Notis
1228 1247 1280 1288 ad
1297 1248 1616 1303 lib.1.Epist.5.

195 1307 461 1344 Aristaeneti.
519 1311 626 1345 Iuno.

312 1358 356 1408 ὅς
373 1377 430 1409 τις
446 1356 588 1402 πύελον
596 1357 703 1411 ἥκεις
721 1359 819 1410 ἔχων
834 1357 941 1410 eta]
972 1356 1106 1410 Magis
1122 1360 1247 1398 altera
1258 1367 1374 1413 parte
1386 1357 1621 1413 pleniorem

197 1416 414 1469 Eupolidis
433 1415 539 1454 hanc
552 1419 689 1469 χρῆσιν
711 1414 921 1454 effecimus
942 1427 964 1451 e
985 1412 1111 1454 MSS.
1124 1415 1333 1468 elegantes
1350 1415 1520 1454 mutini
1530 1430 1617 1456 ver-

198 1472 323 1511 siculi
338 1500 348 1516 .
390 1472 545 1525 quique
576 1485 651 1509 nos
678 1484 799 1509 manu
822 1468 981 1507 ducunt
1006 1467 1056 1506 ad
1079 1468 1344 1521 aperiendum
1363 1469 1526 1511 fabulae
1549 1485 1618 1510 ar-

198 1537 452 1583 gumentum.
493 1526 641 1566 titulus
671 1536 702 1564 a'
722 1525 973 1563 militaribus
993 1523 1209 1576 ταξιάρχοις
1227 1525 1410 1578 petitus,
1440 1540 1615 1580 quorum

199 1593 263 1624 est
282 1583 337 1621 in
353 1583 504 1621 Nostro
524 1582 680 1622 mentio
701 1580 736 1631 I,
764 1579 851 1621 128.
878 1579 1043 1618 illorum
1063 1580 1240 1619 alicuius
1265 1580 1367 1621 haec
1386 1595 1472 1621 esse
1490 1583 1613 1622 verba

200 1637 420 1684 existimo,
434 1637 585 1691 quibus
608 1636 779 1675 militem
795 1637 1025 1688 compellat,
1039 1649 1109 1675 seu
1128 1649 1181 1674 ex
1191 1636 1312 1676 Ionia
1333 1651 1426 1677 vere
1446 1637 1616 1678 venien·

197 1704 295 1741 tem,
330 1707 403 1732 seu
421 1697 522 1732 luxu
542 1692 691 1731 Ionico
714 1689 984 1740 diffluentem,
1015 1690 1126 1744 quod
1151 1691 1292 1743 potius
1317 1691 1452 1732 credo.
1491 1693 1616 1733 Iones

199 1760 334 1790 autem
352 1749 541 1789 luxuriae
561 1749 666 1786 fama
687 1761 882 1801 perquam
900 1746 1029 1785 fuisse
1056 1746 1216 1786 nobiles
1235 1745 1437 1788 neminem
1462 1748 1614 1788 inlite-

198 1807 255 1845 ris
284 1804 545 1844 mediocriter
565 1813 766 1843 versatum
793 1805 915 1851 latet,
946 1802 1069 1855 eique
1086 1802 1144 1841 rei
1167 1802 1284 1842 fidem
1310 1803 1434 1850 alias,
1465 1803 1534 1842 ubi
1554 1805 1616 1842 li-

200 1860 323 1910 cebit,
353 1860 567 1899 faciemus.
618 1859 668 1897 At
694 1858 803 1897 enim
821 1856 903 1896 hoc
922 1860 1016 1897 loco
1035 1857 1258 1912 perstringi
1283 1858 1386 1897 vitia
1405 1857 1550 1898 militis
1571 1869 1614 1900 et

195 1915 416 1955 mollitiem
433 1914 572 1954 lucide
594 1923 777 1966 apparet,
808 1922 869 1963 ut,
898 1913 933 1952 si
951 1925 1001 1952 ex
1024 1922 1137 1966 parte
1159 1913 1209 1954 de
1236 1927 1281 1953 re
1304 1913 1617 1954 tota‘sit'iudi-

196 1969 395 2018 candum,
435 1970 478 2008 in
510 1970 620 2008 illam
651 1969 892 2022 opinionem
921 1969 1043 2009 facile
1075 1967 1168 2022 quis
1196 1967 1368 2019 incidat,
1410 1969 1615 2010 comicum

198 2041 271 2080 per
289 2025 516 2064 ministeria
543 2022 755 2077 ταξιάρχων
785 2024 969 2062 voluisse
989 2033 1132 2063 notare
1153 2033 1390 2077 corruptum
1412 2034 1454 2064 et
1471 2024 1616 2065 disso-

196 2086 331 2122 lutum
353 2081 414 2121 rei
433 2081 625 2119 militaris
646 2078 756 2131 apud
778 2079 1053 2119 Athenienses
1071 2089 1204 2120 aetate
1223 2093 1296 2119 sua
1314 2088 1478 2131 statum,
1500 2079 1618 2134 quod

199 2152 283 2191 quo
312 2136 454 2190 potuit
484 2134 732 2190 elegantiori
761 2133 884 2174 modo
917 2134 1061 2187 perfici
1074 2165 1100 2198 ‚.
1117 2149 1237 2188 quam
1255 2144 1303 2174 ut
1326 2135 1431 2174 varii
1450 2137 1613 2189 generis
1683 2148 1686 2150 ’

197 2193 350 2232 milites
366 2206 499 2232 coram
526 2191 714 2230 ordinum
741 2188 982 2228 ductoribus
1005 2200 1218 2235 venirent.
1249 2189 1299 2229 ab
1319 2189 1455 2244 iisque
1473 2205 1614 2244 repre-

196 2246 509 2289 henderentur?
539 2246 620 2288 Sed
643 2246 754 2298 ipsos
774 2245 852 2282 iam
872 2258 996 2297 porro
1013 2245 1162 2283 Comici
1178 2245 1414 2293 versiculos,
1444 2246 1480 2284 ai
1499 2256 1613 2300 pote,
1632 2259 1639 2263 ·

197 2305 334 2356 aliqua
362 2306 455 2343 luce
483 2301 789 2356 perfundamus.
830 2299 1044 2338 inducitur
1072 2301 1187 2339 miles
1216 2299 1370 2353 aliquis
1396 2315 1452 2341 ex
1477 2301 1612 2354 lonia,

198 2361 270 2413 qui
290 2359 434 2402 πύελον
453 2357 624 2409 habeat,
652 2367 693 2397 et
711 2361 885 2411 χαλκεῖον
901 2353 1028 2408 ὥσπερ
1048 2354 1160 2407 λεχώ,
1189 2362 1386 2407 tanquam
1403 2371 1612 2411 puerpera,

198 2415 309 2466 quod
343 2429 463 2454 omne
495 2412 544 2452 ad
575 2410 858 2452 declarandam
888 2411 976 2450 eius
1009 2411 1224 2450 mollitiem
1243 2409 1376 2449 milite
1396 2411 1611 2468 indignam

196 2481 235 2509 et
263 2470 496 2509 indecoram
520 2469 637 2511 facit.
671 2483 773 2522 quae
800 2467 974 2519 primum
995 2466 1169 2518 peperit.
1201 2479 1367 2518 eamque
1385 2466 1438 2506 ob
1451 2482 1610 2507 causam

195 2529 304 2566 lecto
337 2524 570 2565 adhucdum
596 2533 657 2565 est
680 2521 829 2573 affixa,
862 2532 909 2562 ut
933 2521 1038 2562 bene
1058 2531 1248 2574 curetur,
1277 2524 1384 2562 solet
1414 2524 1611 2578 appellari
