1716 3016
225 107 308 147 994
846 105 922 146 lx.
983 110 1050 151 62.

223 213 407 268 ἤμίεκτόν
426 217 510 259 ἔστι
529 215 674 271 ’χρυσοῦ
697 215 955 269 (μανθάνεις)
975 215 1078 260 o'xrm'
1099 216 1251 272 ὀβολοί·
1281 229 1329 259 ut
1357 217 1508 273 probet
1533 218 1650 270 η’μίε·

223 289 317 314 κτον
336 281 378 312 et
398 282 494 312 octo
519 272 667 311 obolos
690 272 935 313 tantundem
971 273 1162 313 valuisse.
1203 273 1252 317 C.
1282 275 1334 316 V.
1364 275 1493 315 Salm.
1523 277 1648 328 plane

222 342 309 367 non
330 326 467 369 habet.
523 328 592 366 De
618 327 786 382 ἤμιέκτῳ
814 338 950 367 autem
979 328 1022 367 in
1051 327 1212 369 diversa
1239 329 1394 370 abeunt
1411 329 1492 369 viri
1512 329 1645 369 docti.

228 383 457 422 Gronovius
490 382 584 422 libr.
611 382 668 423 11.
705 382 756 423 de
784 383 834 424 V.
863 384 910 425 P.
952 384 1155 424 veriorem
1190 393 1313 438 putat
1348 385 1647 434 coniecturam,

221 453 326 493 quae
354 452 403 477 eo
431 437 592 486 tendit;
634 439 787 488 fuisse,
825 452 951 492 quum
984 453 1131 480 aureus
1162 440 1328 479 Atticus
1358 438 1516 494 viginti
1545 449 1644 478 octo

222 496 349 547 paulo
377 495 472 547 plus
500 493 746 547 siliquarum
782 494 934 549 (qualis
960 494 1003 533 in
1033 504 1205 549 argento
1230 504 1374 548 postea
1391 494 1642 534 miliarensis

222 549 323 597 fuit)
355 558 484 602 atque
518 547 621 588 adeo
658 547 862 588 drachmis
901 551 1108 604 argenteis
1139 549 1315 590 sedecim
1348 549 1645 604 responderet:

223 617 396 657 quarum
429 604 528 658 quia
557 614 724 644 sextans
761 606 850 645 sive
882 608 992 647 ἕκτον
1019 605 1197 645 sedecim
1238 605 1415 655 unciae,
1461 604 1647 656 ἡμίεκτον

223 669 319 698 octo
337 670 456 700 erant
471 659 601 709 oboli,
633 661 822 714 quamvis
845 671 988 714 postea
1007 670 1156 700 statere
1178 661 1352 715 triginta
1377 674 1450 699 sex
1469 660 1645 713 siliqua-

221 729 313 753 rum
339 715 441 767 (boc
466 725 528 755 est
558 714 729 755 duarum
757 717 869 764 auri,
919 717 1111 756 vicenum
1145 716 1308 771 argenti
1340 713 1642 768 drachmarum)

219 770 334 810 facto
362 771 561 810 mansisse
590 770 634 809 in
663 786 743 811 usu
771 772 956 826 vulgari,
987 782 1036 811 nt
1061 781 1147 810 tum
1174 785 1339 826 quoque
1362 769 1545 823 ἡμίεκτον
1566 783 1643 824 pro

222 829 426 865 summula
447 835 544 865 octo
577 826 796 866 obolorum
826 826 1045 867 diceretur.
1075 840 1192 865 secus
1212 841 1295 865 non
1319 826 1498 866 sedecim
1521 824 1640 865 oboli

221 883 334 925 ἕκτον
350 881 423 922 sed
441 881 618 935 viginti,
647 896 785 936 neque
813 892 908 921 octo
937 882 1121 933 ἡμίεκτον
1136 880 1207 921 sed
1233 881 1373 920 decem
1393 890 1491 920 sunt
1509 890 1644 920 state-

220 937 278 976 ris
300 937 455 984 Attici,
488 950 608 989 quem
636 940 794 987 solum,
834 951 939 990 quos
969 936 1190 984 babemus,
1229 945 1388 976 norunt
1413 945 1456 975 et
1482 935 1640 975 duabus

223 993 316 1031 auri
335 991 537 1031 drachmis
560 1002 771 1043 constare,
800 992 954 1046 viginti
980 1001 1191 1046 argenteas
1219 993 1354 1031 valere
1385 985 1644 1031 omnesom-

222 1048 328 1087 nino
360 1047 632 1087 consentiunt
658 1047 908 1101 Scriptores.
939 1046 1043 1087 haec
1070 1056 1112 1087 et
1142 1048 1262 1100 plura
1285 1048 1338 1086 de
1367 1046 1537 1102 η’μιέκτῳ
1558 1046 1643 1087 ille.

218 1106 402 1144 KUEHN.

329 1158 516 1212 ἡμίεκτον
534 1155 805 1213 ω’νομᾶζοντο]
837 1159 925 1201 MS.
946 1156 1131 1210 η’μίεκτον
1148 1157 1199 1200 ἄν
1219 1153 1492 1212 ὀνομάζοιντο·
1523 1157 1647 1196 omis-

222 1215 280 1254 sis
307 1213 603 1268 sequentibus.
641 1214 693 1262 οἷς
723 1232 765 1267 φ.
793 1216 825 1256 ἔ.
854 1219 909 1256 Λ.
939 1221 1013 1267 Κρ.
1055 1228 1146 1254 cum
1175 1214 1278 1266 ipsis
1306 1213 1444 1254 verbis
1479 1212 1644 1253 Comici.

222 1271 280 1309 Et
310 1269 360 1308 de
388 1267 558 1323 ἧμιὲκτῳ
586 1269 755 1323 quidem
789 1269 870 1308 ista
907 1270 1117 1323 explicare
1151 1279 1327 1309 conatur
1355 1269 1516 1308 Hostus
1548 1268 1644 1312 libr.

222 1326 273 1366 V.
304 1324 385 1364 Rei
413 1325 581 1366 Numm.
617 1339 706 1377 cap.
742 1336 780 1366 2.
818 1339 858 1364 n.
889 1325 954 1366 24.
984 1326 1048 1366 25.
1085 1334 1166 1364 etc.
1203 1333 1245 1364 et
1262 1325 1378 1363 Avus
1404 1337 1518 1363 meus
1544 1323 1642 1364 libr.

223 1380 275 1421 de
294 1380 497 1421 Numism.
530 1380 603 1433 qui
631 1379 734 1419 haec
767 1379 817 1418 ad
850 1380 941 1419 auri
970 1380 1298 1419 aestimationem
1329 1379 1538 1428 referunt,
1577 1381 1646 1425 vel

221 1434 438 1476 referenda
462 1444 624 1487 putant.
671 1435 858 1474 Lamiam
884 1436 1061 1474 Cratetis
1084 1449 1182 1475 vero
1203 1444 1245 1473 et
1263 1435 1504 1473 Athenaeus
1526 1434 1643 1484 citat,

221 1500 270 1530 ut
298 1491 350 1530 X.
387 1489 609 1530 Animadv.
646 1489 685 1532 4.
725 1490 962 1531 observavit
995 1491 1264 1530 casaubonus
1299 1499 1464 1537 noster,
1501 1489 1572 1543 qui
1601 1498 1646 1529 et

219 1546 470 1586 versiculum
499 1548 715 1600 vulgatum
748 1545 819 1585 hic
848 1547 907 1585 ita
940 1546 1162 1599 concipere
1189 1559 1266 1585 nos
1287 1545 1428 1585 iubet:
1456 1540 1643 1597 η’μίεκτόυ

218 1605 303 1646 ἐστι
320 1602 486 1656 χρυσοῦ·
514 1600 761 1655 μανθάνειςς
793 1600 898 1645 ὀκτώ
913 1599 1060 1655 ὀβολοί.
1117 1602 1245 1642 Iuno.

329 1657 539 1711 ἡμίεκτον]
570 1657 745 1710 Proprie
767 1657 935 1710 quidem
963 1657 1013 1697 de
1042 1656 1245 1695 mensuris
1263 1650 1450 1710 ἧμίεκτον
1472 1654 1641 1706 dicitur,

223 1729 270 1754 ac
289 1723 377 1752 tum
396 1723 574 1768 quatuor
603 1712 822 1753 choenices
853 1713 964 1766 capit
993 1712 1213 1751 dimidium
1245 1722 1385 1752 sextae
1406 1711 1536 1766 partis
1555 1726 1644 1752 me-

223 1769 370 1809 dimni.
428 1767 531 1806 haec
574 1767 759 1807 dilucide
796 1768 1025 1821 Hesychius
1066 1778 1107 1808 et
1136 1769 1440 1820 Har-poenitio:
1491 1765 1562 1806 sed
1596 1767 1642 1806 in

218 1825 479 1877 Etymologn,
517 1833 648 1875 puto,
677 1822 817 1862 mendi
849 1823 950 1877 quid
977 1823 1138 1871 haeret,
1161 1837 1253 1861 cum
1283 1823 1464 1874 ἡμίεκτον
1488 1824 1554 1871 δέ,
1596 1819 1644 1864 to*

219 1883 330 1922 ἕκτον
356 1879 472 1932 μέρος
498 1879 567 1920 τοῦ
595 1881 781 1930 μεδίμνου
808 1879 962 1931 inquit.
1007 1892 1240 1918 erroremne
1268 1878 1400 1931 ipsius
1435 1891 1644 1930 agnosca-

218 1949 309 1975 mus
339 1933 546 1982 auctoris,
577 1947 629 1972 an
657 1948 754 1972 vero
788 1935 931 1986 potius
962 1933 1013 1973 ad
1042 1947 1226 1972 normam
1253 1933 1339 1973 veri
1358 1933 1642 1974 restituimus:

218 1989 264 2034 w*
283 1990 407 2042 ἥμισυ
432 1990 503 2032 τοῦ
529 1991 641 2031 ἕκτου
665 1991 809 2044 μέρους
834 1990 904 2031 τοῦ
930 1988 1150 2043 μιδίμνουῖ
1192 1998 1319 2043 atque
1351 1989 1410 2027 ita
1437 1987 1519 2041 ipsi
1548 2002 1642 2027 cum

219 2045 368 2086 ceteris
417 2045 655 2084 conveniet.
704 2045 845 2096 potuit
877 2055 1011 2085 autem
1050 2044 1247 2085 facillime
1276 2043 1398 2098 ἥμισυ
1435 2042 1641 2095 excidere,

216 2099 423 2155 siquidem
443 2099 525 2139 hoc
543 2099 665 2153 signo
684 2101 732 2141 S‘'
752 2099 927 2153 exprimi
946 2102 990 2138 in
1009 2100 1131 2139 MSS.
1164 2103 1309 2139 soleat.
1351 2108 1393 2140 et
1414 2098 1516 2138 alibi
1539 2112 1641 2154 quo·

218 2171 298 2212 que
337 2159 526 2196 locorum
557 2169 719 2195 sensum
760 2156 1031 2208 scriptorum,
1087 2154 1317 2195 desiderata
1354 2155 1432 2194 hac
1472 2156 1637 2200 vocula,

220 2226 327 2266 quae
347 2211 576 2264 supinitate
599 2210 862 2250 librariorum
889 2210 1131 2260 exciderat,
1164 2210 1373 2250 turbatum
1401 2209 1639 2249 observasse

218 2267 402 2309 memini.
458 2266 672 2318 ἸΙμίεκτον
701 2275 909 2319 praeterea
928 2265 1154 2317 Hesychius
1178 2266 1355 2318 exponit
1373 2261 1638 2316 ἤμιωβόλιον·

217 2332 261 2362 et
284 2333 408 2370 recte,
436 2331 561 2375 atque
581 2331 668 2361 tum
699 2321 881 2373 ἡμίεκτον
913 2330 975 2360 est
996 2321 1189 2373 δραχμῆς,
1221 2321 1464 2359 duodecima
1489 2318 1641 2358 drach-

218 2392 308 2416 mae
329 2392 437 2430 pars,
467 2376 672 2430 siquidem
693 2390 767 2415 sex
789 2375 1006 2415 contineat
1027 2375 1172 2415 obolos
1196 2374 1401 2414 drachma.
1437 2373 1508 2413 sed
1531 2388 1640 2427 quo-

218 2432 345 2472 modo
366 2432 531 2471 tandem
552 2431 738 2485 ἡμίεκτον
760 2441 855 2471 octo
877 2433 1013 2471 valeat
1033 2430 1212 2469 obolos?
1245 2439 1316 2469 aut
1337 2430 1455 2468 cuius
1477 2429 1639 2468 nomis-

218 2487 341 2526 matis
368 2497 464 2526 octo
494 2487 611 2527 oboli
642 2497 740 2526 sunt
766 2485 1010 2526 duodecima
1033 2485 1160 2538 pars?
1191 2494 1232 2525 et
1254 2487 1348 2539 quis
1369 2494 1515 2523 auctor
1534 2484 1640 2523 alius

218 2543 367 2583 similia
409 2542 616 2583 tradidit?
662 2552 758 2584 eant
790 2552 914 2596 atque
942 2550 1139 2595 quaerant
1173 2540 1275 2592 hoc,
1316 2539 1467 2594 quibus
1506 2540 1638 2579 otium
