1656 2976
134 114 241 156 1684
722 110 777 151 X.
838 114 931 156 124.

133 220 296 262 erudite
319 230 363 261 et
380 211 547 274 prorsus
564 218 774 275 eleganter
793 219 982 261 Muretus
1005 220 1054 261 ad
1075 215 1253 262 Ηονᾶεἰί
1267 218 1341 268 m'n
1352 222 1389 268 1.
1414 219 1490 264 021.
1509 221 1547 279 9'.

130 276 300 317 eandem
322 278 553 330 scripturae
573 277 775 317 rationem
797 277 1009 317 Aeolicam
1032 277 1271 318 restitutum
1301 275 1381 318 ivit
1400 280 1445 318 in
1463 280 1551 320 Ac-

130 335 216 372 caei
235 332 327 371 istis
345 331 583 372 versiculis:
603 329 699 375 ‘'Yss
718 333 789 386 μὲν
805 329 827 375 ὃ
847 330 958 382 Ζεὺς,
980 334 1022 374 ἒν
1038 331 1077 375 δ’
1089 330 1224 390 ὄρανῷ
1231 335 1348 389 μέγας
1367 332 1546 387 Χειμῶν·

128 385 328 444 πεπάγασι
343 384 383 429 δ’
397 385 554 430 ὑδάτων
575 389 688 440 ῥοαί·
719 387 781 426 ibi
806 388 918 442 apud
935 389 1195 429 Athenaeum
1210 389 1284 430 lib.
1303 390 1356 432 X.
1376 404 1412 430 c.
1437 394 1478 438 8.
1501 389 1549 429 in

132 443 382 497 quibusdam
408 442 668 483 editionibus
694 440 830 499 ἆρανῷ
843 443 1012 499 legitur,
1043 443 1089 483 in
1117 443 1366 499 quibusdam
1383 442 1551 498 ὥρανῶ·

130 499 247 552 prius
275 495 327 538 ad
343 512 506 552 sensum
529 498 733 552 ineptum,
760 503 933 539 alterum
959 497 1011 538 ad
1031 510 1218 552 versnm3
1246 501 1420 554 utrique
1439 487 1553 539 scr‘u·

130 557 233 607 pulo
255 569 348 594 cum
368 563 608 594 occurratur
627 555 814 608 reposito
837 551 984 612 ὄρανῷ,
1013 553 1124 594 nihil
1141 565 1204 594 est
1222 555 1399 607 amplius
1419 553 1551 595 illade

129 610 315 651 lectione
346 608 644 658 dubitandum,
674 611 743 649 cui
768 619 1022 651 momentum
1051 624 1106 650 ex
1128 609 1210 650 hoc
1236 610 1430 662 Sapphus
1453 612 1552 650 loco

129 662 310 706 acceditss
334 665 540 706 concinne
556 678 655 705 vero
671 666 856 719 Scaliger
873 666 986 718 πρωῒ
995 666 1152 717 ἔμενον,
1181 666 1250 705 cui
1271 668 1395 720 plane
1416 679 1553 705 assen-

128 722 238 772 tior,
268 720 354 759 nisi
382 719 495 775 quod
519 724 617 775 προῒ
637 721 811 761 Aeolice
838 719 1103 762 scribendum
1127 730 1282 774 putem.
1316 720 1397 761 erit
1413 730 1551 760 tamen

130 777 201 816 cui
223 776 352 830 magis
375 775 554 815 arrideat
571 780 827 830 προϊεμένου·
866 789 1004 830 neque
1031 775 1202 828 reiici03
1231 775 1462 830 cogitabam
1480 784 1553 815 et·-

130 832 210 871 iam
233 830 461 884 aliquando
479 832 720 886 περῖεμένον.
778 833 848 872 De
869 829 1080 885 Cupidine
1098 845 1197 871 vero
1212 844 1286 870 seu
1306 845 1431 871 aureo
1440 844 1552 870 amo·

128 901 173 927 re
191 887 346 926 similia
369 898 564 926 sexcenta
585 901 607 926 e
631 886 787 940 poetis,
815 887 860 926 in
878 886 1029 941 quibus
1057 885 1312 939 Sapphonem
1330 899 1428 938 prae
1446 899 1555 925 ocu-

127 943 181 981 lis
203 941 397 982 habuisse
415 941 549 982 videri
570 952 757 996 possent,
787 941 950 983 adferre
963 941 1123 985 liceret.
1180 941 1280 995 [De
1298 939 1552 980 Thessalicis

129 996 414 1050 chlamydibus
429 1010 534 1050 quae
553 997 658 1036 mihi
678 1008 778 1038 sunt
795 999 1033 1044 observata,
1054 1009 1243 1051 quaeque
1262 995 1365 1035 huic
1383 996 1463 1048 ipsi
1477 1009 1554 1035 no·

130 1063 197 1092 tae
213 1052 343 1093 inseri
362 1053 610 1105 maluissem,
627 1054 772 1107 paucis
783 1053 970 1093 hocloco
981 1055 1244 1106 complectar.
1274 1050 1562 1093 Athenienses¹

128 1108 173 1151 τό
193 1106 355 1151 ἱππικὸν
373 1105 526 1161 ἱμάτιον
548 1122 622 1148 seu
639 1109 828 1163 equitum
849 1107 1137 1147 indumentum
1162 1110 1392 1162 appellasse
1405 1104 1554 1160 χλαμύ-

130 1169 204 1214 δα,
232 1165 404 1218 eiusque
427 1163 626 1204 vocabuli
645 1179 668 1204 a
685 1164 898 1206 Thessalis
914 1177 1034 1203 usum
1057 1163 1341 1213 transtulisse,
1371 1161 1555 1204 demon-

129 1229 234 1259 strat
268 1229 413 1260 noster
442 1221 618 1260 Pollux:
659 1219 773 1273 quod
800 1219 897 1259 ideo
929 1218 1034 1258 mihi
1061 1217 1335 1259 certissimum
1366 1215 1553 1272 appa‘ret,

131 1275 329 1330 quoniam
355 1274 576 1314 Thessalos
608 1274 846 1328 chlamydes
878 1287 1102 1326 usurpasse
1131 1274 1287 1326 primos
1309 1286 1395 1312 non
1424 1272 1552 1326 pauci

129 1332 353 1384 scriptores
375 1331 598 1370 memoriae
614 1330 822 1371 mandent.
869 1329 1098 1379 Hesychius
1121 1328 1166 1367 in
1180 1328 1551 1377 'Evrfflsrrclloflaa

130 1386 191 1426 sic
217 1385 328 1425 e'uim
352 1399 376 1425 e
405 1385 588 1425 Pollucis
614 1385 745 1425 nostri
773 1385 847 1425 lib.
880 1384 978 1424 VII.
1003 1398 1036 1423 c.
1063 1381 1124 1424 15.
1148 1382 1462 1439 corrigendum,
1492 1382 1552 1422 ita

130 1441 299 1482 scribit:
330 1437 502 1492 σύνηθες
518 1439 591 1495 γὰρ
608 1447 690 1491 τοῖς
710 1444 910 1488 Θετταλοῖς
920 1442 1257 1493 χλαμυδοφορεῖν·
1284 1453 1373 1480 eam
1393 1438 1447 1478 ob
1458 1452 1554 1478 cau·

130 1511 214 1536 sam
234 1498 405 1548 Eupolis
426 1496 471 1534 in
493 1498 661 1536 Marica
683 1496 846 1536 dixerat
866 1497 1245 1547 ἕντεθετταλίσμεθα,
1273 1503 1448 1534 notante
1459 1495 1554 1532 Ste-

123 1554 264 1607 phano
287 1552 332 1590 in
359 1552 548 1600 Θετταλὸς
559 1583 571 1602 ,
602 1566 677 1604 pro
704 1550 936 1604 Θετταλικὴν
955 1549 1130 1604 χλαμύδα
1148 1551 1352 1603 φοροῦμεν
1366 1563 1376 1574 ·
1407 1559 1448 1589 et
1468 1549 1552 1588 He-

130 1609 293 1660 sychius
326 1621 376 1646 ex
395 1608 478 1646 alio
499 1609 640 1647 nescio
667 1622 751 1661 quo
772 1617 967 1647 auctore:
997 1607 1341 1655 ἔντεθετταλίσθαι,
1368 1609 1554 1658 κεχλαμυ·

129 1667 296 1706 δῶσθαι.
353 1663 502 1702 Forma
539 1674 675 1703 tamen
714 1662 1043 1702 Thessalicarum
1082 1659 1346 1713 chlamydum
1383 1659 1554 1700 videtur

128 1720 259 1759 fuisse
279 1717 442 1757 diversa
464 1732 487 1758 a
506 1727 736 1759 ceterorum
753 1718 1003 1757 Graecorum
1026 1714 1324 1769 chlamydibus,
1343 1715 1553 1769 siquidem

129 1775 207 1815 hae
230 1773 391 1813 fuerint
411 1773 631 1822 rotundae,
659 1774 757 1814 illae
778 1786 876 1813 vero
896 1771 1132 1826 quadratae,
1157 1780 1409 1826 quapropter
1423 1772 1551 1824 vulgo

133 1827 341 1873 Θετταλικὰ
358 1827 482 1882 πτερὰ
499 1828 758 1869 dicebantur.
796 1828 1047 1880 Hesychius.-
1080 1823 1287 1870 Θετταλικὰ
1299 1822 1419 1880 πτερά
1430 1837 1441 1848 ·
1462 1828 1551 1867 τοῦ.

129 1903 173 1928 το
192 1888 341 1938 εἴρηται
359 1882 422 1926 διὰ
448 1884 491 1926 τὰ
509 1886 702 1939 πτέρυγας
720 1885 816 1938 ἔχειν
833 1882 903 1932 τὰς
918 1881 1159 1931 Θεσσαλικᾶς
1169 1878 1376 1937 χλαμύδας.
1406 1881 1552 1932 ’πτέρψ
1628 1892 1641 1899 “’

130 1958 194 1998 γες
218 1942 260 1984 δὲ
285 1944 497 1982 καλοῦνται
523 1942 567 1982 αἱ
593 1941 838 1992 ἑκατέρωθεν
854 1941 1008 1994 γωνίαι,
1037 1937 1102 1981 διὰ
1120 1937 1163 1981 vti
1183 1938 1354 1981 ἐοικέναι
1370 1936 1551 1989 πτέρυξι·

130 2011 238 2052 quae
262 2009 430 2051 prorsus
458 1994 605 2035 iisdem
631 1995 769 2035 verbis
798 1996 950 2034 Suidas
979 1993 1119 2034 habet.
1154 1992 1226 2033 sed
1245 1989 1549 2032 emendandum

130 2053 175 2091 in
196 2066 246 2092 eo
269 2065 342 2104 pro
363 2048 427 2093 διὰ
455 2049 499 2093 τὸ
526 2049 735 2106 πτερύγιον
752 2052 849 2104 ἔχειν
866 2064 920 2090 ex
945 2049 1147 2101 Hesychia
1166 2059 1209 2089 et
1226 2047 1463 2100 Etymologo
1485 2044 1551 2088 διὰ

128 2106 172 2150 τό
198 2109 392 2162 πτέρυγας
416 2107 525 2160 ἔχειν.
575 2121 665 2145 cum
695 2106 762 2144 his
794 2106 984 2158 utrisque
1013 2105 1064 2143 ad
1094 2103 1289 2144 amussim
1307 2101 1552 2154 conspirant

128 2162 499 2217 Paroemiographi
520 2172 691 2202 veteres.
732 2161 782 2201 de
797 2162 952 2213 πτέρυξι
968 2173 1067 2199 vero
1087 2170 1130 2200 et
1150 2161 1310 2214 γωνίαις
1329 2157 1551 2198 vestimen.

130 2229 264 2258 torum
285 2232 408 2271 opera
430 2217 534 2256 mihi
553 2217 704 2270 periret
727 2227 769 2256 et
788 2219 938 2265 oleum,
969 2215 1005 2253 si
1018 2214 1121 2268 quid
1142 2211 1398 2254 conscribere
1418 2220 1551 2251 tenta-

129 2289 210 2313 rem
239 2284 334 2326 post
358 2274 564 2326 insignem
592 2271 864 2313 eruditissimi
887 2271 1088 2308 Salmasii
1105 2284 1243 2308 curam
1262 2266 1312 2308 ad
1331 2269 1551 2306 Tertullta.

132 2332 176 2367 ni
205 2329 396 2368 Pallium.
437 2330 580 2380 itaque
607 2337 794 2367 constare
825 2325 1003 2365 arbitror
1036 2324 1253 2379 quadratas
1281 2322 1412 2363 fuisse
1434 2321 1551 2361 chla-

131 2384 274 2434 mydes
295 2383 571 2434 Thessalicas,
603 2384 761 2437 quippe
784 2396 888 2437 quae
906 2382 1053 2436 γωνίας
1075 2379 1299 2419 habuerint
1322 2391 1395 2416 seu
1416 2378 1551 2429 πτέρυ-

132 2456 223 2492 γας,
264 2453 369 2491 quae
401 2440 442 2477 in
477 2451 591 2479 veste
625 2437 789 2494 quidem
821 2435 1001 2476 rotunda
1035 2449 1244 2489 nunquam
1275 2433 1551 2486 reperiuntur.

133 2493 431 2532 ostendendum
459 2504 604 2541 restat,
637 2493 750 2547 quod
773 2492 881 2545 apud
907 2492 1010 2530 alios
1033 2489 1229 2530 Graeciae
1255 2489 1412 2527 incolas
1431 2487 1550 2526 chla-

134 2547 276 2601 mydes
307 2549 465 2589 fuerint
492 2549 712 2590 rotundae.
748 2549 800 2589 ad
823 2562 909 2587 eam
939 2561 1022 2586 rem
1054 2544 1295 2586 testimonio
1325 2552 1416 2582 utar
1448 2543 1579 2595 Ety-'
