1690 2996
180 144 287 186 1160
786 141 863 181 IX.
923 147 1015 186 107.

179 250 326 307 νόμους
347 269 438 302 τους
461 269 748 304 σφαιρητικους
768 271 811 296 το
834 268 1051 308 γυμνασιον
1077 255 1291 305 ἐκτελῆται.
1321 264 1468 304 cetera,
1495 269 1603 311 quae

179 308 291 348 nihil
318 308 371 347 ad
398 322 475 347 nos
495 317 536 347 et
564 308 672 347 hanc
700 323 796 360 τοττι,
827 323 984 363 ponere
1010 311 1174 352 omitto.
1214 310 1355 350 viden’
1371 311 1513 366 inque
1531 312 1602 351 hic

177 383 247 408 τον
264 382 335 413 την
357 380 530 419 σφαιραν
548 360 760 419 εὗρύθμως
779 361 1086 421 αποδεχόμενον,
1117 369 1191 419 qui
1206 370 1308 406 scite
1330 367 1466 419 pilam
1479 376 1603 435 atque

179 424 379 461 concinne
408 422 560 471 excipit
583 429 623 459 et
639 423 887 472 repercutit?
918 432 959 462 et
976 432 1139 476 praeter
1158 436 1204 462 ea
1226 439 1516 475 σφαιρητικους
1537 420 1599 465 νό-

177 494 276 531 μους
306 475 377 514 hic
409 475 605 524 observa,
645 478 752 530 leges
777 478 977 527 lusorias,
1007 476 1059 517 ad
1093 491 1195 531 quas
1221 477 1465 518 ludentibus
1485 477 1600 518 haud

179 532 304 571 dubie
327 531 414 570 fuit
445 531 756 571 attendendum.
815 533 873 571 Et
895 533 1038 582 fuisse,
1068 533 1141 587 qui
1162 533 1344 586 praemia
1366 533 1601 574 victoribus

177 587 479 636 constitueret,
511 586 801 655 dicereturque
833 589 1029 654 ζαμένωρ,
1058 603 1110 629 ex
1138 591 1344 655 Hesychia
1368 598 1497 642 patet,
1526 588 1599 654 qui

177 645 263 684 sic·
291 643 526 699 Σαμένορα,
555 641 623 685 τὸν
642 644 866 709 βραβευτην
886 646 965 687 τῶν
988 643 1287 700 σφαιριζόντων.
1326 644 1370 683 in
1418 659 1470 684 ua
1501 644 1600 699 qui..

178 699 268 739 dem
300 713 423 748 voce,
455 698 567 739 unde
592 700 755 749 veniat,
791 714 958 740 coecum
989 715 1053 740 me
1078 700 1288 754 profiteor.
1348 699 1386 739 A
1417 714 1468 741 eo
1499 713 1599 740 vero

177 754 466 795 creberrimum
498 754 583 793 fuit
613 755 656 793 in
678 755 851 795 Graecia
871 755 914 795 id
935 755 1027 795 ludi
1050 770 1203 821 genua,
1234 765 1283 796 ut
1313 753 1601 809 συσφαιριστοῖς

175 811 313 849 socios
344 808 530 849 dixerint
555 819 678 865 atque
705 810 877 851 iuvenes
905 812 1074 851 amicos.
1112 811 1172 850 sic
1195 811 1400 866 quidem‘
1386 826 1432 851 m
1451 812 1599 851 ultima

174 867 365 907 Platonis
401 867 604 933 epistola,
649 866 686 903 si
706 866 914 934 genuina
954 866 1011 906 sit
1046 880 1115 906 ea.
1154 867 1244 916 τούς
1267 867 1500 920 νεωτέρους,
1532 866 1600 910 και

173 939 264 970 τους
295 919 584 976 συσφαιριστᾰς
615 919 736 975 ἐμούς
763 919 968 972 α’σποῖζου,
999 925 1153 961 amicos
1176 931 1215 961 et
1241 938 1334 962 cum
1359 923 1509 976 quibua
1528 925 1601 976 pi-

175 980 220 1017 la
242 978 402 1016 collus-i.

282 1032 496 1086 εὕσκοπον]
543 1031 590 1072 C.
619 1031 671 1074 A.
701 1033 939 1086 εὕσκεπτον,
964 1034 1331 1087 circumspectum,
1362 1033 1457 1073 benc
1476 1035 1601 1074 colli-

175 1097 370 1136 mantem,
399 1087 901 1132 valentulum.KUE1·1N.

283 1145 467 1197 ἔντονον]
494 1145 592 1185 MS.
622 1145 792 1188 εὔτονον.
825 1159 912 1186 non
930 1143 1096 1189 ἔντονον.
1125 1154 1169 1186 et
1185 1144 1286 1186 inde
1311 1144 1510 1185 nimirum
1528 1142 1601 1188 εὖ·-

172 1198 297 1250 τόνως
328 1200 576 1255 segm.105.
633 1202 761 1243 Imm.

283 1256 456 1309 ἔντονον]
493 1256 786 1296 Οηοηιαειίοοη
806 1266 946 1298 vetus:
969 1256 1168 1309 Ἐντονος.
1198 1260 1395 1297 intentus.
1432 1254 1506 1296 sed
1521 1254 1599 1295 ha-

173 1313 368 1353 bebamus
382 1313 593 1380 superius
628 1313 885 1367 segm.105
921 1312 994 1364 τήν
1019 1314 1194 1367 σφαῖραν
1218 1309 1385 1360 εὐτόνως
1410 1310 1513 1368 πρός
1551 1329 1597 1354 το

172 1369 321 1421 ἔδαφος
342 1363 526 1421 ῥήξαντα,
564 1367 708 1421 ibique
742 1367 965 1421 displicere
984 1368 1107 1408 nobis
1129 1366 1442 1417 iudicabamus,
1463 1380 1599 1433 quam

171 1438 375 1478 reponere
393 1423 582 1463 tentabat
604 1437 746 1463 vocem
770 1412 1406 1490 Kuehnius’evtdvm;.nim1rum
1427 1439 1599 1472 ευτονως

172 1490 261 1521 erat
280 1480 455 1532 sortiter
483 1488 525 1520 et
549 1489 744 1518 accurate
757 1479 905 1520 simul:
934 1481 1109 1533 Hesych.
1162 1471 1374 1528 Ευτᾶνως,
1406 1478 1598 1533 ι’σχυρως,

172 1537 381 1588 ἐλαφρῶς·
415 1545 457 1575 et
492 1535 651 1584 εὔτονος
669 1535 840 1599 itaque,
873 1535 946 1589 qui
973 1536 1110 1576 valide
1138 1536 1265 1588 pilam
1293 1540 1368 1575 seu
1390 1535 1600 1587 proiicere

173 1595 286 1633 valet
303 1606 378 1631 seu
396 1591 617 1631 remittere.
645 1591 706 1630 sic
725 1590 856 1644 igitur
875 1605 967 1630 cum
989 1594 1101 1645 legat
1120 1591 1417 1659 langermanni
1437 1589 1595 1640 Codex,

173 1646 476 1689 emendandum
508 1646 674 1713 putavi.
728 1646 846 1688 Alias
877 1657 919 1686 et
947 1647 991 1685 in
1014 1646 1252 1701 phaeninda
1273 1645 1461 1689 σύντονον
1480 1655 1598 1685 nota-

172 1705 239 1745 vit
270 1703 536 1744 Athenaeus.
572 1698 674 1744 πολυ
708 1703 750 1745 δὲ
775 1720 819 1744 το
849 1703 1031 1745 σύντονον
1058 1706 1127 1744 και
1154 1699 1384 1755 καματηρόν
1406 1706 1478 1753 τῆς
1503 1701 1600 1754 περὶ

172 1778 243 1810 την
262 1776 550 1813 σφαιριστικην
572 1754 753 1811 οἶμίλλης.
795 1757 876 1798 Sed
894 1757 1012 1798 lubet
1035 1758 1086 1798 de
1103 1773 1205 1799 voce
1227 1759 1385 1807 εὔτονος
1408 1757 1490 1798 hoc
1512 1771 1599 1796 no·-

172 1826 259 1854 tare
284 1815 489 1867 amplius,
520 1828 607 1853 eam
625 1813 861 1881 significare
881 1815 1031 1854 fortem
1052 1823 1176 1868 atque
1196 1813 1380 1862 firmum,
1411 1826 1599 1868 quapro-

172 1881 266 1924 pter
301 1870 550 1938 Hesychius:
586 1866 783 1920 Εύτονος,
823 1867 1011 1922 εὐμενής,
1049 1872 1242 1938 γενναῖος·
1285 1879 1328 1909 et
1355 1869 1400 1907 in
1436 1868 1598 1907 Glossie

173 1926 380 1978 antiquis.
413 1925 607 1977 Εὕτονος,
636 1927 788 1976 lentus,
819 1927 1043 1975 sufficiens.-
1071 1924 1254 1978 διαρκής,
1286 1923 1468 1978 optime,
1499 1923 1598 1977 qui-

172 1982 248 2021 bus
268 1981 525 2019 illustrandis
548 1981 628 2020 ista
648 1983 830 2020 Luciani
854 1981 904 2021 de
928 1982 1163 2035 Gymnasiis
1183 1990 1282 2021 sunt
1309 1993 1433 2034 quam
1458 1992 1599 2033 appo-

172 2036 395 2076 sitissimaz
425 2035 560 2079 ἔπειτα
585 2039 626 2078 δὲ
648 2038 809 2105 χρίομεν
839 2039 957 2106 ἐλαίῳ
983 2039 1050 2080 καὶ
1077 2034 1396 2089 καταμοῖττομεν,
1424 2034 1600 2083 αἶςεύτο-

171 2092 323 2146 νώτεροι
350 2093 566 2145 γίγνοιντο·
597 2088 676 2144 (τα
695 2090 925 2161 σώματα)’
906 2091 1056 2136 α’τοπον
1071 2110 1146 2148 γαρ
1167 2095 1206 2135 εἰ
1219 2110 1268 2135 τα
1286 2095 1362 2145 μὲν
1391 2109 1515 2142 σκυτη
1534 2107 1600 2134 νο·

171 2151 332 2219 μίζομεν
358 2166 438 2191 vno
467 2166 522 2203 τῳ
550 2149 669 2202 ἐλαίῳ
699 2145 998 2203 μαλαττόμενα,
1035 2150 1329 2203 δυσραγέστερα
1361 2149 1431 2190 και
1464 2145 1599 2213 πολλῷ

173 2203 428 2258 διαρκέστερα
454 2206 664 2258 γίγνεσθαι
692 2213 773 2244 etc
802 2204 877 2243 ubi
906 2206 1050 2259 itaque
1078 2203 1196 2244 vides
1221 2217 1397 2257 corpora
1418 2202 1508 2244 fieri
1526 2198 1600 2244 ειῖ-

171 2260 389 2315 τονώτερα,
422 2259 458 2299 si
480 2262 573 2300 oleo
602 2269 902 2313 perungantur.
939 2261 1145 2299 habiliora
1169 2259 1308 2300 reddit
1327 2258 1596 2297 Benedictus.

172 2316 243 2357 sed
258 2318 487 2357 Romanam
505 2329 648 2356 vocem
670 2329 757 2353 non
787 2315 982 2367 reperias,
997 2330 1103 2369 quae
1121 2315 1205 2354 vim
1218 2315 1400 2354 Graecae
1417 2312 1600 2353 delineet

173 2381 337 2414 exacte.
378 2371 423 2411 id
454 2381 634 2421 certum,
664 2366 848 2414 εὐτονίαν
879 2386 971 2410 cum
1000 2372 1082 2420 ita,
1112 2380 1161 2410 ut
1191 2370 1277 2419 hic,
1306 2368 1495 2423 ponitur,
1524 2367 1600 2408 de-

173 2437 322 2467 notare
350 2427 648 2467 fortitudinem
684 2441 776 2466 cum
804 2425 935 2464 habili
968 2426 1206 2465 mobilitate
1234 2425 1527 2474 coniunctam;
1556 2433 1599 2464 et

173 2484 312 2526 εὔτονα
331 2483 392 2522 εἷο
415 2483 548 2538 igitur
577 2479 739 2536 σώματα
757 2481 917 2520 fuerint
947 2495 1123 2534 corpora
1161 2480 1369 2520 concinne
1399 2488 1440 2518 et
1463 2478 1599 2519 firmi-

174 2549 237 2579 ter
268 2549 480 2591 compacta
517 2548 643 2592 atque
668 2538 832 2578 alacria.
888 2537 966 2580 Illa
995 2550 1120 2590 porro
1151 2535 1371 2583 exercitia,
1405 2549 1510 2588 quae
1543 2533 1596 2574 ad

173 2594 327 2634 firmam
351 2594 643 2635 fortitudinem
674 2607 847 2654 corpora
872 2601 1141 2647 componunt,
1169 2589 1311 2635 εὔτονα
1335 2589 1421 2630 dici
1441 2590 1594 2633 solent.
