1690 2996
238 153 348 194 1222
842 147 919 188 IX.
980 149 1072 192 135.

238 261 312 301 ille
330 259 534 313 loquendi
546 258 708 306 modus.
723 262 877 311 φηλοῧν
897 256 961 301 δύ’
981 261 1109 309 οἰκίας
1125 257 1354 314 γερόντωνῗ
1384 259 1661 313 [Lectionem

239 317 396 355 Saidae
414 318 626 369 vulgatam
650 316 830 368 φηλοῦν
818 329 898 353 iam
920 314 1069 355 dubito
1089 330 1141 354 an
1163 325 1323 354 mutare
1341 315 1397 355 sit
1413 318 1665 356 consultum.

239 371 410 412 videtur
417 384 528 412 enim
539 385 624 410 non
637 373 739 410 male
750 384 871 424 posse
883 369 966 409 dici
977 375 1131 422 φηλοῦν
1142 368 1202 413 δύ’
1212 373 1338 420 οἰκίας
1347 370 1540 424 γερόντων
1552 368 1663 425 οἷβελ-

238 428 384 480 τέρων·
409 427 446 465 si
460 437 596 465 tamen
611 427 705 480 quis
718 431 857 479 φηλῶν
873 427 1129 478 praetulerit,
1146 425 1491 479 interpretabitur
1501 427 1661 479 potius,

234 484 407 536 fallens.
430 482 592 536 integra
604 482 778 521 Lectori
795 480 1012 520 iudicandi
1034 483 1091 521 sit
1110 482 1294 522 libertas.
1324 483 1390 520 Ex
1408 481 1661 535 Addendie]

240 540 374 581 Porro
386 539 618 591 Hesychius
628 536 755 577 habet
775 535 991 594 Φηλήτῃσι,
1011 542 1179 602 λῃσταῖς,
1201 535 1314 590 quod
1327 536 1378 576 ab
1389 536 1461 577 illa
1473 551 1578 577 voce
1587 537 1664 577 de-

242 592 478 633 ducendum
489 591 622 633 videri
637 593 782 645 possit.
798 579 1102 632 alibitameriin
1115 593 1258 633 eodem
1263 591 1467 645 ,Φιλήτης.
1486 594 1663 645 κλέπτης,

239 647 394 715 λῃστής·
414 658 455 689 et
464 648 568 688 bene
579 647 758 712 quidem:
773 657 1027 712 quapropter
1036 662 1190 690 errasse
1200 649 1459 687 Palma-ium
1458 647 1664 697 ‚eruditis
1686 682 1690 689 .

241 720 390 745 simum
403 704 535 743 virum
539 713 669 757 ,puto‚
685 703 757 757 qui
771 705 990 744 restituere
1003 713 1148 754 tentet,
1158 703 1362 758 Φηλήτης·
1379 717 1474 743 nam
1484 713 1664 758 praeter-

243 775 365 816 quam
385 759 497 813 quod
511 760 606 800 etin
626 759 831 812 Hesyclno
843 773 944 797 mox
965 769 1185 812 sequatur.
1219 763 1412 813 Φιλητων,
1423 760 1666 814 γένοςκλεπ-

240 823 333 866 τῶν,
354 826 394 856 et
407 815 466 854 ita
475 825 588 855 terve
600 824 795 869 quaterve
807 823 867 853 est
881 814 923 851 in
936 814 1071 852 Suada
1083 824 1125 854 et
1144 816 1392 867 Etymologo‚
1394 829 1516 885 quos
1528 824 1664 854 tamen

242 883 440 926 utrosque
465 870 650 909 nominis
679 871 787 908 ratio
817 869 954 907 latuit.
993 883 1079 908 non
1113 870 1224 908 enim
1245 871 1305 910 ita
1326 867 1406 912 κατ’
1429 867 1666 923 ἆνείφρασιν

243 928 374 975 dicti,
405 925 478 964 sed
497 924 612 978 quod
634 925 788 964 osculis
810 927 1088 978 amplexuque
1107 924 1292 978 benigno
1310 923 1506 978 deceptos
1525 926 1665 965 homi-

242 997 317 1022 nes
335 980 607 1020 trucidarent.
647 979 747 1019 audi
772 980 963 1019 Senecam
975 981 1057 1033 Ep.
1080 978 1147 1020 51.
1190 981 1434 1033 Voluptates
1443 994 1668 1034 praecipue

243 1038 427 1085 exturba,
455 1045 495 1075 et
514 1038 792 1075 invisissimas
817 1035 940 1082 habe,
972 1038 1177 1075 latronum
1202 1050 1309 1075 more
1316 1065 1331 1085 ,
1362 1051 1462 1090 quos
1482 1036 1668 1076 Phileto·

243 1095 443 1146 Aegyptii
460 1100 622 1131 vocant.
642 1094 687 1130 in
706 1092 783 1130 hoe
801 1105 875 1130 nos
898 1093 1214 1144 amplectuntur,
1233 1101 1280 1130 ut
1298 1092 1574 1144 strangulent.
1615 1089 1670 1131 ad

244 1163 366 1203 quem
385 1151 520 1187 locum
538 1146 718 1187 videnda
740 1160 846 1201 quae
866 1147 1032 1201 egregie
1053 1148 1221 1186 notavit
1241 1148 1433 1200 Lipsius,
1471 1147 1669 1187 Hesiodi-

245 1221 323 1258 que
343 1204 393 1243 ab
418 1218 467 1243 eo
490 1202 695 1242 adductus
720 1206 852 1252 locus,
883 1203 927 1240 in
949 1216 1033 1256 quo
1049 1216 1147 1242 sane
1158 1204 1456 1256 Moechopuluc
1472 1200 1670 1261 φηλήτῃσι

242 1261 376 1315 legit,
407 1258 521 1313 quod
546 1272 691 1312 parum
713 1257 850 1308 abest,
881 1258 984 1312 quin
1003 1260 1199 1312 vulgatae
1217 1259 1395 1299 lectioni
1416 1248 1670 1311 praeferam3

244 1316 317 1356 sed
345 1330 391 1355 ea
422 1314 472 1353 de
498 1328 542 1354 re
569 1313 672 1352 alibi
693 1313 884 1354 forsitan,
940 1314 1140 1368 Denique
1162 1317 1372 1368 perplacet
1387 1313 1493 1353 mihi
1513 1314 1667 1354 eximia

250 1373 295 1412 V
292 1386 394 1410 οεειι
413 1369 653 1409 coniectura
666 1400 678 1420 ,
710 1384 790 1424 qua
809 1370 1094 1408 Romanorum
1113 1369 1229 1408 verbi
1240 1369 1396 1421 fallere
1414 1369 1669 1410 incunabula

245 1426 294 1467 ab
314 1426 397 1466 hoc
416 1425 575 1464 Graeco
595 1425 803 1464 vocabulo
823 1425 1006 1464 accersit.
1045 1426 1182 1464 Dora
1200 1425 1394 1464 nimirum
1416 1429 1598 1476 φαλλεῖν,
1627 1434 1671 1467 et

243 1491 403 1522 mutata
425 1479 737 1549 coniugatione,
766 1494 846 1535 qua
867 1479 917 1520 de
934 1494 978 1520 re
996 1479 1188 1532 superius
1207 1480 1368 1531 monui,
1399 1478 1576 1533 ψάλλειν.
1689 1517 1690 1536 ³

356 1533 561 1589 απατεων]
602 1535 958 1585 coniunctiones,
989 1549 1096 1592 quae
1117 1546 1363 1590 sequuntur,
1396 1550 1490 1578 non
1503 1546 1604 1576 sunt
1623 1535 1671 1576 in

246 1594 297 1636 C.
307 1593 358 1632 A.
412 1599 557 1635 Kumm.

352 1646 545 1698 ἆπατεών,
564 1656 644 1688 etc.
653 1647 673 1700 ]
701 1647 935 1687 Notissima
954 1647 1072 1687 vocis
1091 1647 1226 1687 notio.
1255 1646 1327 1687 sed
1340 1661 1390 1688 eo
1402 1661 1572 1688 nomme
1581 1661 1668 1688 non

245 1719 340 1746 raro
377 1703 603 1757 Sophistas
629 1706 863 1757 appellatos
905 1702 1080 1742 adnotat
1107 1702 1416 1745 eruditissimus
1454 1703 1671 1743 Gresollizae

252 1762 428 1800 Theatra
464 1758 801 1812 Sophcst.1,16.
839 1772 975 1812 neque
1007 1758 1084 1799 illo
1111 1767 1301 1810 tantum,
1331 1757 1406 1798 sed
1433 1760 1475 1799 et
1499 1757 1670 1815 γοήτων)

247 1816 360 1856 unde
386 1815 613 1854 Rhetorem
654 1816 799 1867 Tyrius
827 1813 983 1854 dixerit
1005 1814 1235 1869 ἐπίβουλον,
1266 1813 1388 1882 γόητα
1414 1811 1603 1869 ἆτεχνως,
1629 1820 1677 1856 et

248 1872 480 1936 Gregorius
511 1871 800 1909 Nazianzenus
826 1869 1042 1909 scientiam
1070 1884 1212 1910 eorum
1236 1867 1525 1924 γοητεύουσαν·
1565 1870 1671 1924 quin

247 1927 373 1966 etiam
402 1940 473 1966 eos
499 1939 640 1965 revera
675 1925 844 1979 quidam
882 1925 1173 1965 existimabant
1200 1925 1537 1994 praestigiatores
1569 1931 1671 1966 esaei

246 1983 441 2022 Basilius
462 1994 629 2034 quoque
648 1980 871 2034 Sophistas
895 1981 955 2019 ait
967 1986 1018 2036 τῇ
1034 1986 1111 2036 τῆς
1119 1978 1351 2036 ευγλωττίας
1366 1979 1568 2046 ὑπερβολῇ
1581 1979 1675 2031 rotie

247 2035 492 2092 ἀνθρώπους
510 2038 744 2087 φενακίζειν,
777 2045 818 2075 et
833 2036 877 2073 in
897 2051 969 2077 eoa
990 2039 1131 2091 itaque
1154 2036 1328 2090 quadret
1351 2038 1489 2090 φέναξ.
1525 2038 1674 2091 Signat

247 2103 384 2134 autem
399 2095 624 2145 φενακίζειν
635 2092 835 2130 bominem
855 2092 1046 2144 decipere,
1060 2101 1197 2161 atque
1199 2093 1378 2131 ludibrio
1396 2093 1555 2142 habere,
1567 2094 1673 2144 alia,

249 2163 375 2203 quam
395 2162 498 2201 quae
515 2156 625 2197 erat,
657 2148 829 2186 inducta
850 2148 968 2186 rebus
980 2148 1145 2200 forma,
1173 2145 1253 2190 ἆπό
1271 2152 1343 2202 τῆς
1361 2146 1559 2201 φενάκης,
1575 2162 1674 2213 ‘ga-

247 2207 343 2255 lero,
377 2205 625 2255 apposititia
642 2217 777 2253 coma,
798 2217 903 2255 quae
921 2204 1100 2255 capillos
1117 2218 1140 2243 a
1159 2213 1309 2243 natura
1328 2203 1448 2243 datos
1459 2203 1671 2245 mentitus.

248 2270 292 2301 et
313 2260 358 2298 in
377 2258 485 2298 hanc
501 2272 585 2297 tem
602 2259 849 2298 Μίσῆαέἰεηι
865 2259 1127 2309 Apostolium
1143 2258 1369 2299 adduxisse
1387 2259 1629 2326 superiuam
1661 2266 1666 2270 '

247 2315 367 2357 mini.
395 2315 532 2354 utitur
550 2328 635 2352 non
660 2328 752 2353 raro
774 2314 1084 2365 Demosthenes,
1114 2323 1162 2353 ut
1184 2314 1334 2365 Olynth
1368 2312 1497 2356 11.8v
1515 2331 1604 2356 τινα
1624 2308 1673 2357 οὗ

248 2369 526 2439 πεφενάκικεν.
580 2368 667 2409 Ubi
705 2368 930 2420 Ulpianus.-
971 2371 1121 2422 εἴρηται
1139 2367 1220 2412 δὲ’
1193 2387 1219 2423 η
1242 2365 1382 2419 λέξις’
1355 2367 1434 2412 aa&
1454 2373 1524 2423 τῆς
1544 2365 1648 2424 φενᾶ

247 2444 322 2481 κης
341 2431 410 2479 τῆς
425 2424 691 2480 προσθετικῆς
706 2423 844 2478 κόμης,
853 2422 940 2491 ἥτις
951 2425 1064 2466 ἕνεκα
1074 2424 1235 2492 ἀπάτης
1251 2428 1416 2479 γίνεται·
1445 2428 1671 2482 προσποιεῖ·

248 2500 312 2525 ται
332 2481 406 2551 γὰρ
425 2483 669 2534 περιτιθέναι
687 2479 850 2533 κόσμον,
881 2476 928 2521 όν
945 2496 1016 2533 περ
1039 2476 1087 2522 οὔ
1112 2481 1671 2534 κέκτηται..

359 2538 457 2579 ἄλλα
476 2541 601 2591 δηλοῖ.
613 2537 631 2590 ]
658 2537 752 2577 MS.
770 2535 862 2577 ἄλλο
882 2538 915 2576 6.
973 2541 1055 2576 San.

360 2593 456 2636 α’λλα
477 2595 603 2647 δηλοῖ.
614 2592 632 2647 ]
663 2593 710 2633 C.
733 2592 785 2634 A.
804 2593 885 2646 leg.
906 2605 998 2631 cum
1018 2591 1065 2632 C.
1085 2590 1263 2637 V.‹31'M.o.
1317 2598 1461 2631 Kum.
