1656 2976
164 146 267 186 1862
771 140 824 181 X.
885 144 974 184 183.

270 247 395 293 xa'wa
425 251 465 293 δὲ
494 256 558 293 πλ.
589 251 691 302 etc.]
741 249 788 291 C.
818 250 868 291 A.
899 249 1037 295 κᾰννοι
1065 248 1305 308 πλεγμᾶτιᾶν
1328 269 1367 296 τι
1397 252 1445 297 οὔ
1470 252 1583 307 με’μν.

163 309 214 352 Ο.
242 309 294 349 V.
325 307 464 349 κάνναι
482 305 719 362 πλεγμάτων
735 304 783 348 οὗ
809 316 885 347 etc.
942 309 1114 351 Romu.
1247 314 1249 317 “

269 361 395 406 attium
422 363 465 405 δὲ
485 368 553 406 aaz.
582 362 688 415 etc.]
726 360 822 403 MS.
854 359 992 405 κοῖνναι
1012 365 1053 404 δὲ
1070 360 1309 417 πλεγμᾶτιὸν
1325 363 1366 406 τί
1381 365 1482 407 ἔστιν
1503 372 1582 405 etc.

161 429 206 460 et
223 418 364 461 χάνναι
392 419 502 458 forte
531 418 674 472 potius
703 417 870 470 scripsit
888 419 1058 470 Pollux,
1088 433 1214 473 quum
1247 418 1390 459 eodem
1415 433 1586 459 numero

160 474 449 515 multitudinis
490 474 535 512 in
576 473 850 524 sequentibus
888 472 1076 528 χρήσεων
1112 474 1322 517 subiiciat.
1388 475 1446 514 Et
1481 484 1589 515 certe

164 532 226 570 ita
264 541 305 570 et
335 543 456 582 supra
490 529 575 568 fuit
598 528 708 577 VII,
742 527 832 580 176.
885 531 1074 583 quamvis
1103 529 1149 568 id
1178 533 1306 585 vulgo
1342 529 1404 569 ibi
1431 543 1519 569 uno
1547 545 1588 582 ν,

160 581 281 629 «duaa
296 598 305 609 ·
333 584 407 623 ubi
429 594 471 625 et
489 584 789 636 Aristophanis
818 598 960 625 versus
982 584 1092 625 idem
1115 587 1266 626 allatus
1281 587 1470 626 aNouro
1488 585 1588 626 fuit.

159 643 390 684 quenum,

160 707 164 713 ¹
274 695 403 738 κᾶννα
422 695 493 747 δὲ]
533 690 674 737 κᾶνναι
709 693 834 736 MSS.
864 695 992 736 lectio
1011 709 1096 736 non
1115 696 1202 736 fuit
1222 695 1463 737 reiicienda.
1493 705 1592 736 tex-

163 763 233 793 tus
256 768 277 792 a
302 751 423 792 nobis
455 752 515 789 sic
540 750 679 790 habet.
719 751 822 803 quin
851 752 974 791 etiam
997 751 1133 802 xoium,
1171 761 1370 805 quantum
1393 751 1591 796 memoria

162 818 355 862 repetere
382 810 523 856 valeo,
562 821 649 845 non
677 804 762 843 dici
794 807 1012 847 consuevit
1030 807 1143 861 apud·
1165 808 1344 848 Graecos
1362 816 1433 846 aut
1452 807 1590 846 saltim

162 877 355 919 perraro,
385 861 457 901 sed
492 858 638 911 κᾶννη·
673 864 840 900 alteram
875 861 991 901 dedit
1023 863 1227 903 rationem
1248 865 1589 915 [anger-mannus.

163 921 216 960 ln
248 918 384 960 verbis
407 918 704 969 Aristophanis
730 915 880 969 εὖρῆσω
912 927 1007 958 ante
1034 919 1219 957 Sebatum
1247 917 1487 972 legebatur-5v
1518 916 1592 972 qui

163 979 277 1015 recte
309 988 361 1013 ex
392 973 484 1025 ipso
507 973 667 1014 Comieo
693 971 879 1013 reddidit
909 968 1087 1027 οὐρήσω·
1116 974 1230 1013 illam
1252 983 1389 1012 autem
1410 973 1594 1026 scriptu«-

163 1045 250 1071 ram
286 1030 522 1068 adnotatam
554 1041 723 1082 quoque
751 1028 1036 1069 animadverto
1067 1042 1090 1069 e
1112 1028 1291 1082 Codice,
1320 1042 1442 1083 quem
1461 1030 1593 1068 Falc-

164 1086 381 1136 kenb'urgii
399 1087 668 1136 appellamus.
724 1085 856 1124 Porro
875 1083 1089 1125 considera
1109 1083 1409 1126 Pherecratem
1428 1084 1593 1124 fabulae

165 1143 336 1180 titulum
372 1138 620 1193 Φερεκράτης
652 1141 694 1181 ἐν
721 1138 851 1193 Ἰπνῷ.
915 1142 1140 1192 Interpres,
1194 1143 1241 1178 in
1274 1141 1432 1182 Somno.
1475 1140 1593 1194 prius

167 1198 278 1237 enim
297 1195 455 1235 editum
478 1195 563 1234 fuit
583 1192 781 1250 ἐν”Τπνῳ
795 1227 808 1247 ,
841 1209 945 1249 quae
973 1195 1114 1236 eadem
1134 1199 1295 1236 macula
1315 1196 1596 1236 Falckenbur-

164 1254 308 1304 giam‘s
329 1251 551 1304 Excerptis
578 1250 838 1304 adhaeserat,
869 1262 916 1291 ut
938 1252 1087 1304 scripsi
1106 1250 1158 1290 ad
1175 1265 1300 1305 segm.
1326 1256 1416 1299 ¹8¹·
1447 1250 1595 1304 ibique

167 1308 295 1348 latius
315 1321 335 1346 a
357 1320 420 1345 me
441 1305 492 1345 de
512 1306 589 1345 hac
613 1306 753 1345 fabula
776 1305 934 1345 dictum
954 1316 1030 1350 est.
1087 1307 1137 1346 In
1161 1307 1432 1348 emaculando
1443 1307 1596 1346 Phere-

168 1365 300 1402 cratio
325 1365 435 1408 loco,
467 1361 557 1414 qui,
585 1370 632 1399 ut
650 1364 778 1415 vulgo
803 1370 883 1411 est,
914 1363 1027 1401 omni
1049 1375 1173 1401 sensu
1193 1372 1324 1413 caret,
1357 1362 1499 1409 animo
1520 1376 1596 1401 no-

169 1430 256 1458 stro
288 1417 446 1456 fuimus
478 1416 702 1470 obsequuti
733 1426 774 1455 et
809 1415 1105 1468 langermanni
1136 1417 1368 1471 perspicaci
1396 1416 1594 1472 ingenio,

165 1467 205 1513 'is
232 1472 344 1513 enirn
375 1472 478 1525 'quin
510 1485 605 1511 vere
635 1471 935 1511 coniectaverit
955 1475 1095 1512 nullus
1118 1470 1286 1524 dubito,
1315 1471 1446 1529 et'qni
1467 1471 1596 1511 dubi-

168 1529 344 1580 taverit,
395 1527 567 1566 meliora
603 1527 799 1580 proferat.
872 1526 1068 1567 Succedit
1103 1526 1388 1567 testimonium
1420 1527 1598 1579 Cratini,

169 1583 286 1639 quod
306 1583 427 1622 etiam
455 1583 762 1635 aliquantulum
782 1581 1038 1622 emendatius
1058 1582 1177 1625 MSS.
1211 1582 1413 1624 Co'dicum
1434 1583 1597 1626 auxilio

169 1639 316 1680 evasit,
355 1636 519 1679 δύναται.
539 1637 678 1675 Seberi
703 1637 894 1692 aliaeque
930 1637 1137 1678 editiones
1163 1635 1374 1678 habebant
1399 1649 1443 1680 et
1460 1639 1594 1683 ‘oinos-

171 1695 245 1735 sed
265 1695 493 1733 rectissime
513 1692 612 1742 νεαῖς
628 1695 749 1735 οἴκων
763 1708 772 1718 ·
802 1693 886 1732 nisi
910 1694 1002 1747 quis
1033 1694 1141 1734 forte
1163 1696 1355 1736 mainel-it
1375 1693 1474 1750 νεαῖς
1488 1697 1598 1746 οἴκου
1652 1726 1656 1730 «

171 1766 263 1790 cum
287 1749 335 1792 C.
368 1751 418 1791 V.
455 1759 504 1788 ut
529 1763 627 1788 mox
646 1746 795 1800 κάννης
817 1749 1016 1804 sequitur.
1048 1748 1121 1788 sed
1148 1763 1290 1803 parum
1318 1752 1471 1807 refers,
1500 1762 1598 1792 utro

169 1805 295 1846 modo
335 1805 501 1846 scribas.
556 1808 798 1858 plerumque
835 1813 970 1843 tamen
1004 1802 1211 1854 νεῶσοικος
1248 1806 1386 1846 linitiss
1424 1804 1598 1847 'vo'cilms

172 1862 337 1902 exarari
358 1863 557 1911 solet,·ut
577 1859 676 1899 alibi
696 1870 813 1900 noto.
844 1869 886 1899 at
909 1861 952 1898 in
972 1859 1097 1902 MSS.
1117 1859 1221 1901 haec
1235 1862 1335 1901 talia
1357 1863 1598 1916 saepissime

173 1915 342 1956 divisim
366 1916 615 1955 scribuntur.
673 1914 818 1957 Πάντα
836 1918 976 1966 ποιεῖν,
1007 1916 1307 1968 omniafacero.
1346 1919 1601 1958 Petronius:

171 1974 290 2024 Quae
310 1986 403 2024 ergo
433 1972 635 2010 dementia
667 1979 727 2009 est
755 1974 893 2010 omnia
913 1971 1079 2023 faeere,
1107 1985 1156 2010 ne
1173 1972 1278 2024 quid
1291 1973 1450 2012 &nobis
1468 1973 1601 2013 'retin-

174 2037 279 2082 (μιαί
308 2025 552 2079 sepultura?
586 2027 791 2078 Virgilius
819 2027 863 2064 in
896 2025 1052 2068 Calice:
1077 2049 1134 2057 —-
1159 2029 1229 2066 eui
1254 2037 1405 2067 cuncta
1423 2032 1601 2081 paranti

171 2085 392 2123 Paruulus
420 2084 528 2121 hune
548 2083 664 2134 prior
688 2083 865 2120 humoris
894 2091 1092 2121 conterret
1116 2083 1318 2122 alumnus.
1348 2083 1400 2123 ad
1425 2095 1518 2135 eum
1537 2087 1604 2123 lo-

172 2154 268 2178 cum
307 2138 375 2177 adi
396 2138 598 2176 Illustriss
614 2164 624 2175 .
654 2138 926 2189 Scaligerum.
957 2137 1098 2178 crebro
1121 2135 1254 2180 πάντα
1275 2141 1402 2181 ποιεῖν
1418 2140 1492 2178 tali
1513 2143 1602 2181 ele-

174 2194 318 2249 gantia
351 2194 394 2231 in
422 2193 605 2233 Arriani
631 2194 869 2244 Epicteticis
902 2202 1032 2232 extat.
1098 2193 1278 2235 Videtur
1307 2195 1444 2233 autem
1477 2193 1598 2246 κ’ἇννη
1638 2229 1640 2231 ,

173 2252 218 2289 in
251 2249 318 2288 his
359 2248 524 2290 Cratini
550 2247 688 2288 verbis
726 2247 838 2288 nihil
864 2262 951 2288 esse
979 2248 1120 2300 aliud,
1164 2251 1286 2304 quam
1321 2249 1599 2303 sepimentum

175 2304 386 2359 quoddam
411 2319 464 2344 ex
492 2304 637 2343 cannis
666 2302 910 2344 huiusmodi
938 2306 1127 2357 plexum,
1159 2304 1272 2359 qnod
1295 2314 1421 2343 naves
1446 2319 1470 2344 e
1496 2304 1600 2344 mari

173 2361 394 2400 redeuntes
424 2359 639 2400 intrarent.
694 2359 841 2399 Restat
861 2357 1146 2409 κανιιηνοποιδς
1169 2361 1455 2412 Hipponactis,
1487 2360 1601 2414 quod

175 2417 209 2454 si
230 2414 556 2462 emendandum,
588 2427 672 2468 quo
701 2423 837 2454 tamen
857 2429 942 2454 non
963 2415 1090 2455 facile
1119 2415 1378 2468 devenerim,
1405 2426 1599 2468 praestat,

176 2471 290 2522 quod
328 2469 524 2509 secundis
570 2470 681 2509 curis
717 2471 769 2508 ad
801 2471 866 2509 sui
905 2470 1077 2512 Codicis
1117 2469 1341 2523 marginem
1381 2469 1602 2509 adnotavit

175 2526 433 2566 Salmasiasz
470 2521 781 2575 καννητοποιόν·
822 2525 1010 2578 adeoque
1037 2539 1122 2565 non
1150 2526 1244 2571 levi=
1267 2527 1360 2578 quis
1388 2530 1598 2576 permotus

174 2581 336 2620 ratione
360 2596 500 2621 vocem
523 2581 635 2620 illam
655 2581 843 2621 Ionicam
864 2595 952 2622 esse
977 2589 1185 2621 statueret.
1214 2581 1326 2635 apud
1347 2583 1599 2634 Hesychium
