1690 2996
176 99 281 140 1626
762 99 816 139 X.
875 103 966 146 105.

842 214 936 257 105.

283 273 309 297 “
331 275 507 329 πέλεκα]
549 276 721 330 interpr.
750 279 881 319 vertit
915 279 1119 332 bipennem
1135 311 1146 331 ‚
1181 284 1340 336 legens,
1376 280 1546 333 πέλυκα,
1577 297 1598 322 a

175 330 317 383 πέλυξ,
348 331 462 386 quod
492 336 729 386 prosecari
761 344 878 374 extat
901 337 1039 377 Ierem.
1083 338 1256 388 XXIII,
1288 349 1353 390 29.
1385 346 1427 377 et
1453 340 1599 378 Ezech-

177 389 257 438 IX,
288 399 326 430 2.
356 388 437 427 alia
467 398 603 429 autem
636 388 947 443 significatione
966 406 1089 446 supra
1112 406 1237 448 segm.
1273 391 1339 446 78.
1366 393 1404 432 si
1424 407 1518 432 vera
1539 393 1600 431 ibi

175 444 317 484 lectio.
358 442 430 484 sed
453 444 552 483 vide
570 459 622 483 an
642 454 684 485 et
706 444 777 484 hic
794 445 1034 500 interpretis
1059 462 1168 491 vera.
1228 450 1328 490 821³.
1520 462 1524 466 ’

283 510 306 531 ⁴*
326 511 491 563 πέλεκᾱ]
533 510 582 552 C.
610 511 659 553 V.
687 512 851 555 πέλυκα.
889 514 1063 567 Ηεογοῆ.
1096 515 1267 566 Πήλυξ,
1295 514 1441 573 ραγοῖς,
1469 514 1598 566 mide,

175 564 337 622 κοχλιός.
391 566 563 608 KUssnN.
1402 594 1406 596 -

283 644 494 698 *ne'lsnoe]
543 643 624 684 Pro
649 643 794 687 m'zznoe
831 645 929 688 MS.
960 656 1102 688 noster
1137 649 1245 688 clare
1271 649 1447 697 πέλυκα,
1486 648 1602 703 quod

174 700 456 755 reponendum
485 699 676 740 arbitror.
715 710 823 741 certe
853 705 1023 756 vulgato
1049 704 1175 743 facile
1199 714 1400 756 praestet,
1430 705 1532 745 licet
1549 703 1610 744 de.

174 772 278 797 voce
300 771 404 807 non,
435 754 547 810 quod
567 754 716 805 dicam,
748 756 880 796 habeo
901 761 1011 796 ultra
1029 771 1100 808 ea,
1131 772 1237 812 quae
1259 761 1423 799 Seberue
1445 770 1601 799 noster.

173 814 264 853 Neo
295 813 406 852 enim
434 814 569 865 placet
596 810 647 850 de
675 813 810 863 ligneo
837 815 977 851 catino
1007 812 1300 866 interpretari,
1344 815 1444 869 quia
1474 829 1600 868 supra

174 884 299 923 segm.
328 867 393 922 78.
425 867 579 910 πέλυκα
601 867 661 905 ita
681 867 768 907 fere
788 877 899 916 erat,
929 867 1000 907 sed
1018 871 1173 924 vulg03
1202 870 1299 911 MS.
1328 871 1440 910 enim
1460 872 1601 913 πέλικα

174 925 365 965 habebat.
404 933 446 963 et
461 923 682 973 Aeolicum
705 923 956 962 vocabulum
985 933 1130 964 noster
1148 927 1300 965 Pollux
1319 925 1428 966 inter
1447 926 1601 965 usitata

173 981 266 1030 hic,
297 993 373 1019 nos
393 993 482 1019 non
506 992 796 1032 praemonens,
831 993 916 1018 non
934 988 1018 1018 tam
1041 980 1169 1020 facile
1186 991 1377 1035 aggerat,
1406 990 1471 1021 sat
1500 981 1601 1021 scio.

175 1036 387 1090 capiamus
404 1049 501 1089 ergo
515 1065 528 1082 ,
558 1033 727 1073 interim
749 1033 847 1074 dum
873 1033 976 1091 quid
993 1035 1148 1075 certius
1176 1035 1319 1077 dicant
1340 1036 1414 1077 alii
1424 1070 1440 1090 ,
1468 1036 1519 1078 de
1534 1052 1606 1076 ae·-

174 1093 363 1132 curicula
384 1088 646 1143 coquinaria.
702 1089 833 1133 Iunc.

283 1158 306 1180 ³*
325 1157 498 1210 πέλεκα]
537 1155 799 1197 Consensum
831 1158 953 1201 MSS.
984 1157 1246 1200 floccifacere
1272 1173 1358 1199 non
1376 1159 1510 1213 potui.
1550 1174 1605 1199 ex

175 1216 227 1255 iis
248 1215 380 1270 igitur
401 1223 485 1263 est,
516 1211 630 1265 quod
651 1214 696 1252 in
725 1223 844 1253 textu
862 1218 975 1269 legas
990 1215 1159 1257 πέλυκα·
1188 1214 1239 1256 de
1267 1215 1348 1255 hao
1371 1215 1614 1266 similibus·-

175 1286 256 1327 que
279 1270 373 1309 aliis
393 1268 558 1323 egimus
576 1281 701 1322 supra
724 1268 911 1322 copiose.
1152 1293 1155 1295 v

283 1332 615 1387 Λημιοπράταις]
657 1333 801 1375 Scribe
826 1337 977 1375 iterum
1004 1332 1326 1390 Λημιοπραῖτοις,
1354 1345 1404 1375 ut
1434 1335 1479 1374 in
1507 1336 1601 1375 MS.

176 1392 390 1433 vocabula
410 1390 662 1444 singularia,
694 1404 800 1443 quae
827 1406 878 1430 ex
898 1390 1198 1445 Δημιοπράτοις
1228 1393 1380 1431 Noster
1400 1394 1509 1431 solet
1531 1391 1601 1431 ad-

176 1450 298 1500 ferre,
330 1444 567 1485 adnotanda
588 1444 810 1500 diligenter
831 1446 1039 1489 videntur.
1082 1461 1167 1487 non
1187 1447 1298 1487 enim
1321 1457 1471 1487 temere
1491 1446 1599 1499 apud

177 1504 285 1544 alios
304 1512 515 1552 auctores,
543 1500 588 1538 ni
609 1502 754 1550 fallor,
788 1512 1011 1541 occurrunt
1031 1503 1133 1545 fere.
1189 1503 1258 1543 Sic
1276 1501 1431 1559 δευιήρ.
1489 1504 1602 1542 Alte-

177 1575 267 1599 rum
294 1569 429 1598 tamen
455 1565 498 1596 et
521 1556 918 1609 apudHesyclzium
943 1567 1025 1608 est,
1056 1557 1182 1598 modo
1207 1573 1299 1598 eum
1321 1557 1528 1606 emendes,
1560 1568 1605 1597 et

177 1614 332 1655 scribas
374 1625 555 1652 mecum:
591 1611 862 1666 Γασιρόπτης,
909 1610 1051 1663 σκεῦός
1084 1632 1121 1656 τι
1153 1611 1399 1668 μαγειρικόν.
1440 1613 1600 1667 vulgati

180 1670 288 1710 enim
316 1664 544 1724 71:⁶29&qu
563 1666 779 1708 exhibent.
818 1667 889 1709 sed
911 1683 1032 1723 quam
1052 1669 1176 1708 facile
1193 1669 1300 1708 illud
1321 1668 1598 1722 adpendulum

178 1745 199 1768 τ
219 1726 362 1779 potuit
394 1722 558 1772 omitti,
588 1725 658 1764 vel
683 1722 865 1779 effugere
897 1727 1044 1765 oculos
1070 1738 1156 1764 non
1179 1725 1305 1764 nimis
1325 1724 1600 1767 attendentes.

179 1783 401 1821 Iunonum.
1139 1789 1142 1792 '

290 1855 593 1910 Δημιοπρᾶταις
621 1857 847 1911 πέπραται]
889 1857 1069 1898 Solenne
1101 1856 1144 1895 in
1173 1856 1254 1896 hoc
1271 1857 1452 1897 Polluci,
1473 1858 1601 1895 volu-

180 1914 297 1955 mine
322 1913 479 1953 vitium
510 1913 579 1951 hic
605 1913 861 1953 sustulimus.
907 1927 985 1965 pro
1013 1913 1209 1965 πέπραται
1244 1914 1451 1966 Excerpta
1478 1913 1602 1961 Falc-
1674 1933 1679 1936 ·

180 1970 463 2020 henburgiana
489 1971 634 2021 legunt
661 1970 900 2022 γέγραπται,
948 1968 1060 2021 quod
1091 1982 1168 2023 ego
1200 1967 1366 2022 quidem
1397 1967 1599 2007 hocloco

179 2030 305 2080 longe
338 2023 618 2076 opportunius
645 2023 969 2063 existimaverim
994 2025 1047 2077 ιῷ
1066 2026 1282 2078 πέπραται·
1317 2036 1372 2062 ex
1401 2022 1484 2062 hoc
1515 2023 1601 2062 ita-

144 2108 146 2110 *
183 2096 263 2136 que
284 2078 442 2119 Codice
457 2080 562 2128 solo,
594 2077 707 2132 quod
729 2079 892 2130 saepius
911 2079 1007 2130 feci,
1036 2080 1258 2120 lectionem
1275 2077 1388 2118 illam
1418 2078 1608 2124 restitui„

179 2131 421 2193 yaatpo'mng
461 2134 572 2173 vasis
612 2147 740 2187 genus
779 2134 906 2173 fuisse
949 2133 1114 2174 videtur
1155 2135 1199 2172 in
1235 2147 1318 2186 quo
1357 2133 1614 2185 animalium>

183 2201 349 2232 omenta
377 2198 623 2242 ventresque
651 2188 864 2236 assabant;
894 2192 982 2228 tale‘
1006 2189 1103 2242 quid
1139 2190 1248 2230 enim
1278 2189 1597 2240 compositionis

183 2249 290 2288 ratio
310 2245 470 2285 suadet.
507 2242 670 2296 δευτήρ,
699 2244 735 2282 si
764 2245 1028 2283 coniecturae
1048 2244 1252 2296 probabili
1271 2243 1409 2294 locus,
1439 2243 1598 2291 instru-

185 2312 366 2342 mentum
383 2299 590 2355 quoddam
610 2299 737 2339 fuerit
756 2299 955 2350 forsitan,
985 2313 1066 2354 quo
1092 2299 1229 2338 edulia
1259 2297 1495 2352 apparanda
1516 2313 1599 2337 ma·

184 2356 459 2398 defaciebant.
531 2364 534 2365 ’
675 2359 681 2367 “

295 2433 455 2487 σκεῦος]
487 2433 533 2475 C.
565 2433 615 2475 V.
654 2431 795 2486 δευτῆρ
830 2430 964 2475 κοινόν
994 2427 1032 2474 ἆ.
1063 2449 1098 2474 κ,
1122 2449 1162 2484 μ.
1196 2432 1348 2472 omisso
1379 2431 1525 2478 σκεῦος.
1552 2440 1603 2470 ut

182 2502 224 2531 et
245 2491 321 2531 τῶν
342 2490 412 2531 τοῦ
431 2490 618 2542 μαγείρου
645 2490 793 2531 σκευῶν
823 2498 864 2528 et
895 2489 1192 2543 προσχρηστέον
1220 2502 1350 2541 usque
1377 2486 1428 2526 ad
1454 2483 1604 2540 ἆβιικα.

182 2548 353 2588 Konna.
