1690 2996
217 73 335 114 1084·
827 71 904 112 IX.
961 65 1038 118 84.⁸

217 181 293 222 lib.
310 181 384 222 VI.
404 182 494 235 περὶ
513 178 621 231 ζώων
639 179 749 224 ἰδιὸτ.
770 196 858 236 cap.
880 181 917 225 6.
940 183 1308 241 Ethnicographus
1325 185 1376 227 de
1390 187 1500 233 Ideo,
1528 184 1632 230 Ἰασ-

218 236 311 286 σὸς,
348 236 461 285 πόλις
490 237 663 292 Καρίας,
700 239 742 280 ἐν
764 235 962 291 ὁμωνύμῳ
991 238 1100 297 νήσῳ
1126 243 1305 295 κειμένη,
1345 238 1373 295 ἧ
1399 244 1463 285 καὶ
1490 239 1633 292 ὄξυτό-
1671 285 1675 291 ,

216 310 304 342 nme*
327 294 536 346 λεγομένη·
587 292 608 336 ὅ
652 296 813 347 πολίτης
849 292 967 344 αὐτὸς
1001 293 1204 346 Ἰασσεύς,
1251 294 1327 348 ἀφ’
1369 291 1420 340 οὗ
1466 302 1633 352 Χοιρίλ-
1677 340 1685 347 ,

215 354 284 398 λος
311 348 387 390 ἐών
418 346 607 398 Ἰασσεῦς.
663 351 733 389 De
762 349 900 389 eadem
932 351 974 389 in
1006 352 1126 391 Caria
1157 352 1529 398 Scrabolib‚X1V.
1555 351 1632 396 εἴτ’

214 402 374 453 Ἰασσὸς
404 406 465 446 ἐπὶ
492 400 598 462 νήσῳ
619 411 742 448 κεῖται
763 407 1027 463 προσκειμένῃ
1049 414 1099 463 τῇ
1121 405 1290 463 ἠπείρῳ·
1330 410 1404 462 ἔχει
1421 409 1463 451 δὲ
1479 410 1630 462 λιμένα,

216 462 284 502 καὶ
307 458 351 501 τὸ
373 466 552 502 πλεῖστον
571 457 645 502 τοῦ
665 464 755 516 βίον
769 467 851 510 τοῖς
864 461 1011 504 ἐνθάδε
1030 464 1071 504 ἐκ
1089 469 1156 516 τῆς
1174 461 1371 516 θαλάττης
1387 473 1465 503 etc.
1521 467 1631 505 Ean-

217 515 308 554 dem
333 529 430 555 vero
461 515 681 556 historiam
702 530 808 569 quae
834 517 877 555 in
909 517 1017 556 urbe
1033 520 1153 558 Ias-so
1176 519 1415 572 contigerit,
1446 528 1489 559 et
1509 520 1632 559 aliam

215 571 393 610 similem
411 580 547 610 narrat
565 571 727 611 Plinius
743 571 837 610 libr.
859 572 934 611 IX.
962 587 996 612 c.
1021 573 1059 614 8.
1090 573 1286 628 quodque
1310 575 1354 612 in
1375 574 1516 614 eadem
1535 590 1632 614 nar-

214 626 379 666 ratione
415 625 528 679 apud
557 628 743 666 solinum
781 637 864 667 est:
904 628 1018 680 apud
1039 628 1184 681 ‘Iasum
1214 629 1350 668 urbem
1379 629 1634 683 Babyloniae

210 695 384 735 puerum
405 691 484 721 etc.
521 696 607 722 non
628 684 685 721 ita
705 683 749 720 in
772 683 857 720 suis
877 683 1125 723 membranis
1145 698 1233 724 esse
1252 693 1430 724 testatur
1455 686 1634 725 ortelius

215 737 260 776 iu
282 737 486 786 Theatro,
515 737 587 776 sed
606 738 877 790 Babylonem,
910 740 1030 791 quasi
1054 739 1134 779 hoc
1170 753 1320 779 nomen
1342 740 1461 793 pueri
1483 741 1629 781 fuerit.

214 803 324 833 certe
345 791 459 847 apud
482 790 692 844 Plinium,
722 792 833 832 unde
851 792 930 832 iste
948 794 1062 832 illius
1082 794 1227 833 simius
1246 808 1322 833 sun>
1343 798 1634 850 pleraqueex-

213 848 406 901 scripsit,
438 848 549 887 nihil
569 847 618 889 de
636 847 872 899 Babylonia
893 851 1006 902 legas
1033 862 1082 888 eo
1098 852 1207 891 loco.
1245 857 1287 889 et
1333 849 1463 890 uid¹si
1484 851 1633 891 Ioniae

212 902 428 958 legamus?
466 903 684 943 invenerat
703 903 855 956 aliquis
877 903 1026 943 bardus
1047 906 1198 955 Ioniae,
1227 913 1269 944 et
1289 904 1303 942 i
1354 918 1440 944 non
1463 908 1632 959 capiens

214 959 409 997 nimirum
435 957 558 997 finxit
581 958 642 997 ibi
659 959 937 1011 Babyloniae,
965 973 1087 1012 quam
1106 969 1242 999 norat.
1301 958 1382 1000 Sed
1398 959 1499 1001 haec
1515 972 1633 1002 extra

215 1017 347 1054 oleas:
378 1012 429 1051 ad
449 1014 664 1053 Pollucem
683 1023 886 1053 nostrum.
941 1021 1045 1057 que.

308 1066 451 1124 ”Λσις]
480 1070 691 1108 Kuelznius
704 1067 852 1118 Ἰασεῖς
871 1071 916 1109 in
935 1079 1069 1121 textu,
1089 1080 1130 1111 et
1149 1085 1249 1110 mox
1270 1074 1500 1127 Δαρδανεῖς,
1520 1072 1634 1126 quod

213 1135 436 1178 utrumque
457 1123 515 1164 ita
536 1135 578 1164 et
597 1139 673 1164 nos
692 1125 961 1166 restituimus.
981 1126 1089 1166 vitio
1112 1126 1230 1166 dedit
1246 1127 1432 1182 orignem
1451 1127 1632 1167 iunioris

213 1181 412 1220 Graeciae
430 1180 736 1233 pronunciatio
750 1211 762 1230 ,
794 1194 905 1233 quae
927 1181 1235 1236 diphthongum
1267 1199 1300 1224 ει
1319 1182 1517 1223 efferebat
1538 1193 1633 1222 tan-

213 1250 334 1290 quam
358 1236 663 1289 simplex-iota‚
703 1236 763 1275 sic
792 1245 833 1275 et
860 1236 934 1290 qui
961 1235 1095 1276 bodie·
1111 1238 1262 1276 vivunt
1277 1239 1330 1276 in‘
1342 1237 1517 1278 Gra-ecia
1537 1239 1632 1277 bar-

213 1292 301 1330 bari
325 1304 443 1345 mage
465 1304 586 1343 quam
606 1291 768 1331 Graeci.
809 1291 969 1330 Horum
993 1301 1127 1331 autem
1150 1306 1411 1332 nummorum
1428 1293 1631 1347 reliquias

212 1361 295 1385 non
326 1356 430 1400 puto
457 1349 560 1385 ullas
590 1357 736 1387 extare
765 1346 810 1384 in
842 1346 1099 1386 eruditorum
1128 1347 1352 1387 Thesauris
1377 1349 1630 1389 nummariis.

212 1411 343 1453 certe,
375 1413 576 1454 quantum
596 1401 783 1457 equidem
811 1402 914 1451 scio,
945 1401 990 1440 in
1009 1405 1143 1442 lucem
1163 1405 1271 1442 tales·
1286 1416 1370 1443 non
1393 1413 1493 1443 sunt
1511 1404 1629 1447 editi.

322 1459 543 1510 Δαρδανὶς]
589 1458 636 1497 C.
669 1458 718 1497 V.
746 1460 966 1513 Δαρδανεῖς
994 1471 1017 1496 a
1049 1467 1163 1498 recto
1193 1457 1446 1514 Δαρδανεῦς,
1477 1473 1631 1500 nomen

211 1513 347 1569 gentis
365 1514 573 1565 Illyricae.
629 1520 772 1554 Rom.

322 1569 546 1622 Δαρδανὶς]
593 1567 691 1609 MS.
722 1570 944 1622 Δαρδανεῖς
973 1569 1034 1611 δέ’
1075 1578 1200 1611 recte.
1239 1568 1290 1610 de
1319 1569 1491 1624 populis
1519 1569 1632 1610 enim

212 1624 311 1677 agit.
342 1626 445 1663 male
462 1624 604 1677 itaque
628 1624 888 1676 Rhodiginuc
904 1625 1136 1673 Dardanis,
1166 1625 1221 1666 X.
1242 1625 1341 1668 Ant.⁴
1363 1639 1393 1667 1.
1412 1635 1454 1664 et
1474 1625 1632 1665 Hostus

213 1681 452 1719 Dardania.-
467 1679 569 1718 bene
581 1681 732 1718 lunius
742 1680 955 1729 Dardani,
970 1690 1009 1719 et
1020 1693 1187 1733 prorsus
1197 1679 1247 1719 ad
1261 1681 1629 1720 veramlectionem

211 1738 326 1774 Avus
348 1748 476 1781 meus,
491 1735 813 1786 Dardanienses,
837 1743 884 1773 ut
901 1732 1268 1785 81)”ΙασοςἸασεῖς,
1290 1737 1352 1775 sic
1370 1739 1588 1789 Δαρδανεῖς
1605 1750 1629 1774 a

210 1790 435 1844 Δάρδανος,
466 1804 570 1843 quae
592 1801 828 1843 exponente
850 1789 1212 1844 Ethnicographo,
1239 1789 1353 1840 πόλις
1377 1788 1573 1848 Τρῳάδος,
1600 1788 1630 1844 ἦ

209 1845 402 1899 πρότερον
437 1848 619 1900 Τευκρίς·
659 1845 772 1884 unde
792 1855 834 1886 et
855 1846 971 1899 regio
993 1848 1215 1899 Δαρδανία,
1245 1856 1294 1885 ut
1312 1847 1540 1899 apu'd‘eum
1560 1847 1631 1886 vi-

211 1901 321 1940 deas.
383 1899 489 1940 Vide
507 1900 558 1939 de
578 1899 678 1940 urbe
701 1914 749 1940 ea
773 1900 820 1940 in
839 1900 1120 1955 descriptione
1138 1901 1316 1941 Troadis
1336 1910 1377 1942 et
1387 1901 1630 1942 Strabonem

209 1955 283 1996 ΠΙ).
309 1955 432 1999 XIII,
489 1961 594 1997 Iuno.

318 2009 547 2052 Ἀσπένδιοι
563 2012 630 2063 π.]
660 2010 759 2053 MS.
782 2011 949 2066 plenius
967 2009 1086 2054 Ἀσπ.
1106 2011 1149 2055 δὲ
1166 2017 1256 2054 παλ.
1313 2019 1416 2057 que.

316 2063 535 2108 Ἀσπένδιοι
555 2068 670 2119 παλ.]
701 2068 870 2107 Plenior
892 2077 955 2107 est
977 2081 1142 2118 sensus,
1171 2067 1324 2107 inserta
1347 2069 1550 2122 particula
1573 2069 1629 2119 δὲ,

211 2136 333 2176 quam
363 2131 403 2161 et
431 2121 500 2161 hic
531 2131 573 2162 et
593 2136 691 2161 mox
712 2133 809 2174 post
830 2119 1102 2175 Κεφαλλῆνες,
1133 2123 1422 2164 consentiente
1449 2125 1629 2176 Iunger-

210 2193 384 2226 manno,
415 2177 459 2215 in
488 2187 647 2216 textum
675 2192 727 2216 ex
749 2177 1144 2229 MSS.·recepimus.
1202 2179 1401 2232 Utraque
1422 2193 1542 2228 vero,
1575 2178 1627 2218 de

209 2232 457 2286 Aspendiis,
488 2240 530 2272 et
554 2245 658 2285 quae
677 2246 775 2271 mox
806 2233 856 2273 de
871 2232 1079 2288 Rheginis
1099 2234 1251 2274 Pollux
1275 2233 1402 2274 habet
1430 2235 1626 2284 nummis,

212 2290 386 2327 clariora
420 2287 500 2326 tibi
530 2285 694 2327 reddam
721 2288 896 2340 prolatis
936 2289 1155 2342 utriusque
1189 2291 1338 2343 populi
1365 2299 1655 2328 nummorum·

209 2343 386 2395 ectypis‚
399 2357 506 2398 quae
522 2342 856 2382 subministravit
875 2343 1027 2383 eximia
1042 2343 1389 2396 praestantissimi
1410 2344 1630 2384 WILDII

209 2409 333 2450 atque
365 2398 658 2437 humanissima
674 2397 920 2452 benignitas.
962 2399 1267 2452 Aspendiorum
1289 2401 1383 2449 ille,
1414 2413 1534 2453 quem
1556 2399 1626 2438 vi-

209 2453 294 2498 des,
326 2450 517 2491 nummus
541 2453 617 2492 sub
641 2453 762 2492 Gallo
781 2463 822 2493 et
852 2454 1079 2493 Volusiano
1110 2454 1434 2507 Imperatoribus
1455 2467 1628 2507 percus-

208 2522 276 2549 sus
298 2517 381 2559 est,
417 2519 459 2549 et
480 2517 662 2551 ostentat
682 2507 732 2550 ab
753 2511 881 2550 altera
910 2519 1028 2563 parte
1058 2523 1164 2564 quos
1193 2511 1345 2550 Pollux
1373 2507 1627 2552 commemo-
