1690 2996
179 122 285 164 1408
801 121 855 164 X.
914 126 980 166 46.

176 229 374 270 Codicem
403 239 473 269 aut
500 230 551 270 ab
581 231 756 272 indocto
781 231 952 272 homine
980 232 1231 287 descriptum
1253 235 1388 277 fuisse
1419 230 1605 290 oportet,

176 296 245 325 aut
267 286 490 339 insigniter
510 288 706 326 intricato
725 289 930 328 scribendi
954 289 1082 328 ductu
1103 302 1332 339 exaratum,
1362 292 1425 332 sic
1445 293 1603 345 ubique

174 342 379 395 lectiones
423 342 514 380 eius
558 343 763 382 erroribus
802 345 1014 383 involutas
1058 345 1418 400 deprehendimus.
1493 349 1605 388 Illud

176 400 537 449 κατεσκευασμένος
570 399 771 451 scriptum
803 400 888 438 fuit
922 402 1000 447 1V,
1034 401 1119 441 185.
1157 404 1527 456 κατεσκευασμένον
1560 406 1602 443 in

176 450 274 493 MS.
317 453 532 492 salmasii.
563 468 638 493 nec
669 454 710 492 id
745 456 868 494 etiam
901 459 1018 496 male.
1056 459 1182 512 vulgo
1213 461 1603 512 κατεσκευασμένων·

177 519 218 548 et
237 508 378 562 potuit
403 509 476 546 illo
498 508 620 548 mod'o
643 508 699 548 ibi
722 509 946 550 adduxisse
970 514 1146 561 Pollux,·
1172 527 1263 551 nam
1285 515 1482 553 alterutro
1504 529 1604 556 sane

176 567 270 604 loco
304 564 540 603 memoriter
569 564 670 604 baec
701 565 871 616 citavit,
920 575 968 607 ut
1002 567 1252 608 videbimus.
1295 561 1437 621 potius
1466 579 1603 610 tamen

177 619 309 673 habeo
339 622 714 674 κατισκευασμείος,
746 619 796 661 de
825 623 944 660 cuius
977 623 1092 661 verbi
1115 623 1448 677 significatione,
1481 639 1603 679 quam

178 675 247 715 hic
270 675 447 723 obtinet,
479 675 547 714 adi
567 675 617 715 ad
650 676 776 715 huius
800 677 896 715 libri
918 692 1044 732 segm.
1083 677 1143 723 15.
1179 679 1252 717 ubi
1287 680 1384 718 talia
1415 683 1603 733 pluscula

177 747 228 771 ex
245 733 523 771 Demosthene
546 741 586 771 et
606 732 699 770 aliis
721 732 882 773 notavi.
923 743 1009 770 tum
1043 748 1142 773 vero
1171 735 1311 774 textui
1343 737 1604 787 reposuimus

177 791 218 830 ἐν
235 789 396 843 χαλκοῖς
417 786 522 830 πάνυ
546 790 798 838 Λουτηριόιο,
829 789 894 826 uti
914 789 1030 829 MSS.
1063 799 1306 843 agnoscunt.
1338 805 1470 845 neque
1493 792 1604 831 enim

177 843 283 883 illud
316 845 516 899 ἔγχαλκοῖς
546 845 846 894 langermanni
868 843 998 882 nostri
1026 846 1168 895 probo.
1208 845 1304 884 vide
1332 845 1382 886 de
1410 861 1489 885 usu
1522 847 1602 886 hoc

179 901 359 954 eleganti
381 898 707 952 praepositionis
726 901 769 940 ἐν
792 898 842 936 ad
864 913 988 952 segm.
1019 899 1082 941 50.
1115 914 1236 950 supra
1268 914 1365 939 vero
1395 915 1470 954 pro
1504 908 1604 956 χαλ-

179 957 260 1003 κοῖς
277 964 493 994 exaratum
514 966 601 992 erat
624 956 843 1006 λαιιπροῒς,
873 965 912 993 et
944 953 985 992 id
1013 969 1117 1006 pene
1150 954 1253 994 huic
1285 957 1457 995 lectioni
1490 973 1602 1010 prae·

179 1011 370 1061 tulerim‚·
397 1010 497 1063 quid
516 1010 625 1048 enim
660 1007 822 1051 ,ἔν-πάνυ
848 1010 1032 1063 χαλκοῖς-’ἶ
1072 1025 1164 1049 cum
1184 1013 1309 1064 plane
1339 1013 1600 1052 commodum

177 1067 231 1104 sit
265 1067 308 1108 ἐν
338 1064 443 1108 πάνυ
470 1067 685 1116 λαμπροῖς·
731 1065 802 1104 sed
843 1076 986 1104 contra
1022 1067 1140 1106 MSS.
1180 1081 1424 1106 consensum
1466 1068 1604 1108 obniti

178 1125 302 1172 nolo,
340 1121 547 1176 siquidem
578 1131 619 1160 et
652 1121 818 1160 tolerari
848 1121 981 1174 possit
1012 1121 1116 1160 illud
1137 1124 1180 1163 ἐν
1195 1125 1373 1175 χαλκοῖς·
1402 1132 1442 1162 et
1463 1120 1605 1177 itaque

179 1174 224 1218 ιδ
261 1177 364 1219 πάνυ
395 1178 539 1215 referri
567 1177 702 1227 possit
734 1177 859 1216 etiam
889 1176 938 1215 ad
969 1176 1268 1231 λαμπρότατον·
1298 1188 1345 1216 ut
1371 1177 1475 1222 πάνυ
1500 1186 1602 1232 λαμ-

178 1232 370 1287 πρότατον
399 1234 538 1272 Attice
568 1233 697 1271 fuerit
733 1232 903 1270 dictum.
965 1234 1162 1285 Sequitur
1189 1236 1457 1285 ἑξαλίητροις,
1497 1249 1604 1289 quae

179 1299 219 1328 et
246 1289 475 1341 ἐξάλειπτρα
511 1288 775 1333 scribuntur,
819 1302 951 1342 neque
991 1291 1124 1327 solum
1162 1290 1205 1327 in
1247 1303 1288 1327 re
1312 1289 1477 1329 Medica
1505 1301 1604 1330 sunt

178 1347 301 1395 usui,
327 1344 398 1383 sed
417 1345 521 1383 etin
558 1343 792 1392 conviviis,
825 1344 977 1396 quibus
1006 1355 1265 1396 unguentum
1297 1345 1603 1392 continebatur,

181 1402 244 1439 uti
269 1402 390 1439 docet
419 1415 470 1439 ex
497 1399 794 1449 Aristophanis
820 1399 1152 1438 Acharnensibus
1181 1400 1355 1451 suidas,
1383 1410 1423 1439 et
1456 1402 1605 1439 Noster

180 1456 252 1506 VI,
292 1455 375 1496 106.
435 1455 707 1508 Subsequitur
739 1456 955 1502 κυλικίσιν,
997 1468 1100 1508 quae
1130 1459 1320 1507 capsulae
1349 1456 1603 1496 medicorum

178 1521 307 1558 erant,
342 1511 493 1565 quibus
513 1513 728 1563 emplastra
756 1509 1003 1550 condebant.
1042 1510 1206 1550 eaedem
1227 1521 1268 1550 et
1290 1515 1531 1563 κυλιχνίδες·
1561 1523 1603 1551 et

177 1567 237 1606 ita
264 1581 485 1622 sanequam
512 1570 704 1619 κυλιχνίσι
723 1565 1048 1617 Falckenburgii
1077 1578 1287 1619 praestans
1311 1566 1456 1609 Codex
1478 1567 1602 1606 habe·

179 1623 247 1662 bat
270 1623 352 1673 lv,
390 1621 474 1662 183.
517 1621 722 1661 videndus
757 1630 819 1660 est
847 1621 889 1658 in
921 1622 994 1660 illa
1023 1635 1125 1662 voce
1155 1622 1328 1672 suidas,
1369 1623 1443 1675 qui
1475 1626 1601 1677 vulgo

176 1682 334 1730 πινξίδια
361 1678 444 1717 dici
475 1678 551 1716 ista
583 1679 747 1716 vascu1a
776 1676 917 1726 docet,
957 1680 998 1719 ἐν
1030 1679 1088 1726 οἷς
1112 1676 1305 1728 βάλλουσι
1324 1676 1371 1719 ποῖ
1401 1677 1602 1730 πείσματα.

176 1738 296 1786 nugig-
314 1735 356 1773 in
375 1733 638 1773 Medicorum
659 1732 834 1784 -scriptis
874 1733 1056 1771 occurrit
1082 1732 1348 1773 creberrime:
1379 1735 1487 1786 apud
1511 1736 1603 1774 Ro-

175 1805 320 1830 manos
350 1791 497 1836 etiam;
534 1790 717 1830 Set-ibon,
748 1789 916 1840 Largus
946 1790 1091 1840 comp,
1125 1789 1188 1839 74,
1250 1791 1502 1828 Ser-vandum
1523 1805 1603 1829 au..

177 1855 258 1884 tem
283 1847 433 1898 pyxide
467 1845 609 1886 buxea.
650 1843 721 1883 sed
753 1847 931 1898 κυλιχνὶς
964 1844 1006 1882 in
1037 1846 1291 1896 Hippocrate
1320 1859 1507 1900 quoque-3
1556 1846 1601 1884 in

181 1901 344 1940 Glossis
370 1901 512 1954 itaque
542 1900 746 1940 Galenus:
785 1902 1022 1953 Κυλιχνίδα,
1057 1900 1130 1949 τήν
1159 1916 1199 1941 τε
1239 1899 1406 1952 σμικράν
1444 1901 1599 1948 κύλικα,

177 1959 246 2000 καὶ
273 1955 344 2007 τήν
377 1954 561 2007 ἰατρικήν
592 1954 810 2005 morium.
851 1967 896 1994 ut
928 1956 1147 2009 leg-ndum
1180 1965 1264 2007 est,
1303 1956 1374 1994 hic
1395 1957 1599 2010 apposui3

176 2015 282 2053 male
314 2012 424 2052 euim
455 2015 575 2050 locus
600 2010 670 2049 bic
697 2011 851 2053 editur.
882 2013 944 2050 sic
976 2012 1136 2050 scilicet
1166 2011 1208 2050 iu
1238 2012 1393 2065 scripto
1422 2012 1472 2052 de
1491 2014 1605 2052 Fra-
1667 2013 1676 2021 '

177 2071 311 2107 cruris
335 2069 540 2121 κυλιχνίδα
566 2067 758 2118 reperies.
817 2067 896 2106 Sed
930 2066 1241 2121 progrediamur
1264 2081 1411 2119 porro:
1440 2066 1603 2111 σικύαι·

178 2141 241 2167 σιν
259 2133 398 2163 textus
417 2137 439 2162 a
463 2122 584 2160 nobis
608 2121 756 2161 habet:
787 2122 845 2160 ita
879 2123 1072 2160 nimirum
1098 2132 1209 2162 recte
1236 2122 1372 2162 literis
1397 2124 1601 2176 expressis

179 2179 501 2230 Falckenburgii
521 2175 663 2216 Codex
691 2177 764 2222 IV.
804 2177 888 2217 185.
921 2178 990 2216 hic
1012 2191 1110 2216 vero
1137 2176 1341 2219 σικύεσσιν
1368 2177 1600 2232 adgnoscit,

179 2235 292 2289 quod
313 2246 358 2274 tu
377 2233 541 2288 quidem
574 2233 778 2270 immerito
809 2233 1078 2285 adsperneris.
1119 2243 1167 2271 ut
1191 2234 1301 2272 enim
1331 2247 1352 2272 a
1383 2233 1601 2272 cucurbita

178 2291 381 2330 medicum
423 2290 741 2327 instrumentum
780 2288 919 2334 σικύα,
976 2289 1034 2325 sic
1069 2302 1152 2326 non
1183 2288 1304 2326 aliter
1333 2286 1469 2328 dicere
1500 2289 1601 2328 licet

178 2349 304 2396 σίκυς,
337 2360 428 2384 nam
452 2354 495 2384 et
515 2347 628 2391 σι’κυς
650 2357 780 2394 aeque
803 2343 1016 2381 cucurbita
1042 2346 1298 2395 appellatur,
1327 2354 1454 2395 atque
1469 2342 1600 2386 σικύα·

177 2402 275 2441 vide
305 2402 500 2449 Glossas,
552 2400 760 2451 colloquia
793 2399 1079 2443 Scholastica,
1129 2411 1234 2450 quae
1270 2411 1499 2438 cucumeres
1530 2414 1601 2438 ex-

178 2467 357 2510 ponunt,
387 2468 429 2496 et
449 2456 709 2508 Hesyclzium,
739 2465 786 2492 ut
820 2464 1065 2506 praeteream
1087 2454 1202 2492 alios.
1239 2452 1309 2492 sed
1330 2455 1456 2493 ceteri
1478 2454 1598 2495 MSS.

178 2528 268 2550 cum
299 2511 474 2553 σιιύεσιν
498 2512 566 2549 hic
595 2514 735 2564 legant
754 2524 837 2548 non
860 2508 981 2547 dubie
1003 2523 1077 2561 pro
1100 2507 1301 2559 σκεύεσιν,
1330 2510 1457 2549 facile
1476 2510 1600 2549 nobis

177 2567 220 2606 in
242 2569 489 2607 'memoriam
509 2565 714 2607 reducunt
735 2565 846 2606 illam
868 2563 1077 2604 scribendi
1101 2564 1496 2620 pronunciandiquc
1516 2563 1601 2604 affi-
