1656 2976
162 119 268 160 1848
753 118 841 159 -IX.
901 123 993 164 179.

159 246 198 271 τι
224 227 304 270 τῶν
330 224 581 283 πλεγμάτων,
608 227 660 271 δν
689 238 774 273 etc.v
791 238 923 287 'quam
946 241 989 273 et
1011 231 1145 272 Seberi
1166 229 1300 274 nostri
1316 235 1409 275 MS.
1432 233 1579 277 firmat.

159 284 413 338 Hesychius:
446 283 600 333 Κόϊκες,
628 285 671 327 ἐν
688 288 886 342 Αἰθιοπίᾳ
903 289 1098 341 φοινίκων
1121 285 1246 339 εἶδος·
1274 290 1341 332 καὶ
1355 289 1402 333 τοὶ
1421 295 1581 346 πεπλεγ-

160 341 259 394 μένα
277 341 320 383 ἐκ
334 343 412 381 τῶν
429 339 592 393 φύλλων
609 345 679 383 τοῦ
689 343 854 396 δένδρου
874 343 1011 396 σκεύη,
1041 347 1205 398 φορμοί.
1261 344 1579 401 UndeMngnus

163 395 430 437 Casaubonus
450 405 592 435 noster
611 396 769 442 Comm.
791 399 834 437 in
850 399 943 439 libr.
962 403 1043 439 ult.
1065 400 1279 439 :Strabonis
1295 401 1360 443 καὶ
1385 399 1434 443 τὰ
1457 404 1582 444 κοΐκι-

158 468 211 495 να
229 453 423 506 πλέγματα
439 451 621 505 reponit,
647 452 722 492 ubi
743 456 870 508 vulgo
891 464 955 495 sat
972 455 1116 509 inepte
1132 453 1393 500 κατακόκκινα
1410 457 1582 513 legeba-

156 516 238 548 tur.
292 514 394 547 Iunc.

268 564 336 606 καὶ
363 561 462 614 κόϊξ,
491 564 596 617 etc.]
633 562 827 604 Pleniora
857 564 1032 606 fecimus
1060 579 1083 607 e
1109 566 1232 607 MSS.
1266 566 1370 607 haec
1394 567 1583 606 Pollucis

159 619 296 660 nostri
315 618 463 667 verba3
493 617 662 660 deerant
679 620 790 658 enim
811 622 854 659 in
880 621 1027 661 ceteris
1046 620 1307 662 editionibus
1324 621 1508 675 isthaec,
1538 623 1582 666 ἕν

157 693 196 718 τι
214 680 292 718 τῶν
309 674 547 730 πλεγμάτων.
605 674 708 726 Κόϊξ
722 677 789 715 vel
806 679 905 726 κοῖξ,
929 677 1132 728 Hesychia
1151 687 1333 727 auctore,
1348 680 1496 731 palma
1511 687 1581 718 -est

157 732 434 783 Aethiopica,
464 745 517 771 ex
545 731 665 770 cuius
696 731 815 770 foliis
843 742 917 771 aut
939 732 1066 772 ramis
1086 735 1278 774 contexti
1301 733 1445 774 corbes
1469 733 1580 773 idem

157 787 395 827 habuerunt
413 801 504 826 cum
527 787 616 841 ipsa
637 785 779 826 arbore
799 801 965 827 nomen.
1004 785 1139 837 κόϊκος
1162 797 1298 829 antem
1320 791 1580 843 praeterHe·

159 843 344 897 sychium
365 842 555 882 meminit
571 843 698 882 etiam
722 842 1026 895 Theophrastus
1042 854 1084 883 et
1101 844 1264 884 Strabo.
1309 843 1459 884 mirum
1472 857 1578 884 vero

158 898 266 938 mihi
281 897 449 937 videtur
468 898 593 937 istius
615 897 815 952 originis,
850 898 1056 952 siquidem
1081 899 1132 939 de
1150 913 1197 939 ea
1217 899 1456 939 constiterit
1471 898 1582 939 inter

159 955 480 1003 Grammaticos,
509 956 664 992 nullam
678 953 1089 994 fecissementionem
1116 954 1581 1008 Onomasticographum

158 1020 374 1062 nostrum,
412 1024 505 1048 cum
537 1018 675 1048 tamen
704 1009 749 1047 in
780 1009 1017 1049 istiusmodi
1042 1009 1163 1050 rebus
1195 1009 1456 1064 exponendis
1479 1010 1579 1050 satis

158 1067 260 1107 alias
286 1075 502 1105 accuratus
525 1065 593 1104 sit.
623 1065 708 1104 nisi
728 1063 971 1104 tradidisset
987 1066 1215 1119 Hesychius
1235 1066 1347 1106 illam
1365 1065 1581 1120 significa-⁴

157 1122 288 1162 tionis
305 1122 509 1161 rationem
528 1119 579 1158 ab
599 1119 744 1160 arbore
758 1119 863 1163 κόϊκι
879 1119 1118 1174 derivatam,
1132 1122 1278 1175 'posset
1292 1122 1386 1177 quis
1399 1124 1580 1162 nonnul-

156 1182 198 1220 la
221 1177 273 1218 de
300 1191 422 1216 causa
455 1177 567 1215 forte
587 1176 813 1230 suspicari,
843 1176 961 1215 vocis
986 1177 1190 1231 originem
1209 1190 1297 1218 esse
1315 1177 1578 1231 repetendam
1613 1176 1616 1182 ’

158 1249 182 1274 a
201 1236 306 1289 κοίᾳ,
338 1247 442 1286 quae
459 1232 674 1284 sphaeram
691 1245 765 1270 seu
782 1233 986 1272 circulum
996 1232 1219 1287 significat,
1245 1232 1580 1287 propterfigurae

157 1288 474 1330 rotunditatem.
520 1287 747 1327 observant
785 1298 924 1328 autem
967 1287 1244 1327 Grammatici
1276 1289 1580 1328 Antimachum

157 1346 334 1385 usitasse
352 1343 601 1384 vocabulum
622 1340 729 1381 illud
749 1346 864 1394 κοία,
896 1342 1009 1398 quod
1027 1345 1257 1394 circulum,
1285 1352 1335 1383 ut
1359 1342 1473 1395 dixi,
1502 1344 1580 1382 in·-

156 1408 440 1454 terpretantur
481 1399 695 1452 plerique,
742 1398 909 1453 quidam
940 1398 1065 1437 etiam
1110 1398 1299 1451 lapidem.
1344 1400 1580 1452 Hesychius

156 1467 382 1509 utrumque
401 1454 639 1502 coniunxit,
667 1453 814 1506 Κοιάς,
843 1455 1018 1507 σφαίρας
1035 1451 1063 1507 ἢ
1079 1456 1240 1504 λίθους·
1269 1453 1383 1494 unde
1400 1453 1484 1505 κόϊς
1505 1457 1578 1495 vel

156 1514 281 1562 κοίῖξ·
315 1510 385 1550 sed
407 1509 485 1548 hac
508 1508 553 1547 in
582 1523 626 1548 re
646 1509 788 1550 ludere
810 1511 972 1549 animus
999 1523 1085 1549 non
1108 1519 1185 1550 est.
1241 1511 1486 1562 Epicharmi
1503 1512 1578 1552 Si-

158 1569 245 1608 culi
264 1571 415 1620 poetae
432 1564 686 1605 celeberrimi
707 1565 868 1604 fabulas
881 1565 1138 1604 enumeravit
1155 1565 1429 1621 quadraginta
1441 1567 1577 1605 Meur-

157 1627 245 1664 sius
265 1622 317 1663 ad
332 1621 526 1662 Helladis·
543 1621 792 1659 Besantinoi
810 1621 1192 1663 Chrestomathiam.
1222 1620 1372 1662 addere
1390 1630 1510 1675 potes
1523 1621 1576 1662 ad

158 1694 252 1721 eum
273 1692 488 1717 numerum
514 1676 628 1715 hunc
652 1690 675 1715 e
693 1679 865 1717 Polluce
880 1685 1023 1716 nostro
1044 1679 1231 1726 Πίθωνα,
1262 1690 1368 1731 quae
1393 1676 1578 1732 diligen-

156 1734 311 1776 tissimi
330 1733 424 1784 viri,
456 1731 567 1788 quod
591 1732 731 1782 miror,
759 1731 1004 1772 industriam
1025 1732 1184 1786 effugit.
1214 1734 1576 1788 venerataliquan'·

159 1791 213 1831 do
231 1790 276 1830 in
296 1799 472 1829 mentem
494 1785 667 1830 Πύθωνι
691 1790 802 1828 forte
821 1788 960 1828 verius
981 1801 1100 1840 posse
1117 1787 1258 1838 scribi,
1279 1801 1364 1841 quo
1386 1788 1512 1829 titulo
1533 1797 1576 1828 et

158 1847 335 1887 aliorum
368 1844 593 1897 inscriptae
622 1844 888 1897 reperiuntur
922 1842 1186 1886 Comoediae.
1234 1842 1306 1883 sed
1333 1857 1426 1883 cum
1455 1845 1576 1887 MS&

158 1905 356 1957 vulgatae
373 1899 551 1940 lectioni
571 1900 756 1949 faveant,
784 1899 896 1938 haud
918 1913 1024 1954 opus
1041 1913 1129 1940 esse
1148 1897 1270 1939 duco.
1307 1901 1455 1941 Πίθων
1473 1899 1575 1954 quid

157 1959 215 1998 sit
235 1973 259 1997 e
278 1965 422 1996 nostro
441 1955 603 1995 Polluce
623 1955 750 1995 variis
771 1955 814 1994 in
836 1956 941 1995 locis
961 1955 1198 1996 didicimus.
1224 1953 1453 1994 notandum
1473 1969 1574 1996 vero

158 2016 204 2054 in
224 2013 293 2053 his
313 2012 560 2064 Epicharmi
568 2010 706 2051 verbis
724 2020 862 2063 aperte
883 2011 1087 2065 distingui
1105 2009 1282 2053 θύλακον
1299 2019 1341 2049 et
1359 2014 1574 2066 κωρυκίδα,

158 2084 250 2110 cum
268 2078 406 2107 tamen
427 2069 667 2122 plerumque
680 2067 954 2106 Grammatici
971 2071 1133 2108 soleant
1151 2064 1332 2122 κώρυκον
1347 2075 1391 2106 et
1407 2071 1575 2121 κωρυκί-
1637 2111 1640 2113 ,

155 2129 210 2169 δα
229 2120 494 2176 interpretari
513 2122 702 2171 θύλακον,
714 2133 755 2162 et
774 2122 984 2164 θυλάκιον.
1029 2137 1075 2163 ea
1105 2123 1156 2163 de
1172 2137 1218 2162 re
1238 2121 1428 2175 superius
1446 2135 1573 2177 segm,

161 2193 253 2235 172.
279 2194 301 2219 a
322 2193 386 2218 me
409 2177 582 2220 dictum.
639 2180 745 2219 Mox
764 2178 823 2216 ita
843 2178 1069 2231 legebatur.
1090 2175 1144 2228 ὥς
1168 2175 1413 2232 Φερεκράτης
1430 2194 1575 2230 κορια-

157 2239 236 2281 vol.
270 2235 431 2289 placuit
461 2236 711 2286 Augustani
728 2233 900 2274 Codicis
919 2235 1129 2287 scriptura
1150 2239 1359 2288 Κοριανοῒ,
1390 2247 1511 2287 quam
1531 2243 1574 2274 et

159 2294 203 2333 in
223 2301 343 2333 textu
362 2291 644 2343 reponendam
664 2290 819 2330 curavi.
861 2289 962 2344 quid
982 2289 1052 2329 hic
1077 2289 1156 2328 sibi
1181 2290 1328 2329 titulus
1347 2289 1473 2339 velit,
1502 2303 1575 2328 sa-

158 2362 335 2402 nequam
357 2360 501 2400 parum
529 2355 705 2386 constat.
771 2346 1102 2397 Iungermannus
1123 2345 1202 2384 sibi
1220 2343 1353 2387 videri
1382 2344 1574 2384 scriben-

161 2404 257 2443 dum
284 2401 514 2457 κοριάννοις
543 2405 610 2442 vel
639 2407 866 2454 κοριαννοῖς
891 2401 1110 2453 exposuit,
1147 2410 1190 2441 et
1221 2409 1330 2440 certe
1354 2399 1399 2438 in
1427 2398 1574 2440 Indice

157 2460 431 2512 scriptorum,
471 2472 574 2512 quos
597 2458 768 2499 Photius
783 2456 1000 2506 adhibuit,
1041 2456 1211 2498 invenio
1231 2452 1431 2508 κοριᾶνοις
1452 2459 1574 2508 (Deos-

159 2513 305 2568 κράτης
322 2527 373 2552 ex
397 2528 500 2554 voce
519 2519 602 2556 τοῦ.
645 2514 798 2554 Suidas
817 2523 952 2553 tamen
974 2511 1124 2552 ibidem
1146 2516 1367 2567 Κοριαννοῖ
1380 2510 1574 2565 Φερεκρά-

159 2588 241 2625 της,
272 2569 385 2624 quod
407 2572 572 2609 alteram
591 2571 701 2610 inam
722 2568 943 2610 lectionem
970 2565 1061 2611 vitii
1082 2569 1232 2622 arguit.
1262 2576 1572 2621 potententem
