1690 2996
178 69 284 109 ¹602
795 65 848 104 X.
906 68 974 109 98.

174 189 295 232 quam
327 174 380 214 ob
411 187 574 214 causam
602 172 750 214 scribit
767 176 1074 228 Etymologus:
1097 169 1298 229 Τᾶγηνον,
1328 175 1464 220 τοῦτο’
1473 173 1602 218 Ἴωνι.

173 234 253 281 πῶς
283 247 387 280 τινες
413 246 579 283 τηγανον
607 231 789 284 λέγουσι·
815 234 921 271 male
943 235 1068 285 vulgo
1093 234 1279 300 τίγανον,
1300 230 1415 285 quod
1443 233 1602 285 optime

173 287 552 353 praestantissimus
583 286 820 338 Sylburgiuae
847 286 1080 327 adnotavit
1121 302 1144 326 a
1173 283 1332 342 τηγάνῳ
1357 288 1496 328 Dore}
1522 288 1601 326 ab-

173 345 299 383 scissa
317 343 449 396 priori
465 342 585 380 litera
603 340 774 395 ἤγανον·
804 356 935 396 eaque
954 342 1191 382 differitas
1179 358 1223 382 ru
1241 342 1482 382 nominihus
1501 343 1600 382 inde

173 400 377 439 derivatis
390 398 638 451 permansit:
663 401 879 453 ταγηνίτην
896 398 1012 451 ἄρτον
1033 398 1166 438 Attici
1185 399 1394 439 vocabant
1407 398 1480 452 qui
1500 399 1601 438 reli-

174 457 268 508 quis
280 454 450 495 Graecis
469 456 701 506 τηγανίτης·
731 453 842 506 apud
864 455 1122 493 Athenaeum
1144 464 1254 495 certe
1273 457 1481 508 ταγηνίτης
1496 460 1600 496 πλα-

172 514 265 576 χοῦς
276 512 428 550 citatur
437 523 460 548 e
469 512 663 563 Magnete
672 518 714 550 et
729 511 914 561 Cratino,
924 524 1098 564 quorum
1109 520 1288 563 uterque
1297 510 1430 550 Attici
1441 524 1599 550 sermo-

173 569 239 606 nis
256 565 488 619 elegantiae
507 565 680 607 studuit.
702 564 775 605 sed
787 566 991 605 illustris
981 581 1024 604 m
1038 580 1124 605 eam
1143 580 1228 606 rem
1242 568 1361 605 locus
1371 575 1434 606 est
1453 566 1497 605 in
1511 566 1601 604 Ga—

172 623 344 662 lenolib.
354 622 391 666 Ι.
408 621 502 675 περὶ
515 621 671 675 τροᾳῶν
686 617 908 674 δυνάμεως·
927 636 1046 675 quem
1068 622 1205 670 simul,
1218 623 1283 660 uti
1294 621 1425 672 decet,
1438 621 1600 661 consti-

171 689 358 726 tuemus,
381 678 533 717 leviter
549 677 660 716 enim
680 677 724 716 in
733 678 901 718 Aldina
921 677 1120 726 editione,
1141 691 1223 730 qua
1241 687 1351 727 utor,
1374 688 1597 730 corruptus

171 745 260 776 est.-
286 739 325 776 οἱ
343 733 414 785 μὲν
430 730 502 775 ουν
520 735 724 801 ταγηνίται
743 749 823 787 παρ
857 731 1052 780 Ἀττικοῖς
1067 731 1360 785 ὀνομαζόμενοι,
1383 749 1466 786 παρ
1502 732 1598 800 ημῖν

171 791 214 833 δὲ
237 793 319 839 τοῖς
338 807 411 831 κατ
413 784 607 831 ’'Aaiav‘
606 783 766 839 Ἐλλησι
787 791 1002 842 τηγανίται,
1026 787 1278 837 σκευάζονται
1301 788 1352 832 δι’
1377 791 1508 832 ἐλαίου
1522 785 1600 841 μό·-

170 859 264 890 wu·
284 844 511 899 utrobique
527 847 729 898 τηγανίται
746 845 973 898 legebatur.
1005 844 1076 896 qui
1095 845 1227 898 igitur
1241 842 1407 898 τήγανον
1424 857 1597 913 usurpa-

171 912 284 953 runt,
300 900 402 940 illud
415 900 885 946 assumseruutaceteris
899 899 1078 939 Graecis.
1091 900 1314 953 praecipue
1327 914 1424 939 vero
1436 896 1601 955 ιη’γανον

173 959 302 998 fuisse
322 958 612 1010 pervulgatum
638 956 682 994 in
697 955 926 996 Comoedia
945 970 1054 995 nova
1073 955 1198 994 facile
1218 955 1323 994 mihi
1342 955 1596 1008 persuadeo,

174 1016 217 1053 in
251 1015 323 1052 illa
352 1013 462 1052 enirn
497 1026 584 1051 non
615 1011 650 1050 is
671 1012 905 1050 Atticarum
941 1025 1090 1050 vocum
1123 1010 1306 1052 delectus
1333 1021 1396 1051 est
1426 1011 1599 1050 habitus

173 1085 221 1110 ac
234 1070 283 1108 in
297 1066 523 1108 Comoedia
547 1068 691 1116 veteri,
722 1065 835 1120 quod
853 1067 1164 1106 exercitatiores
1185 1081 1271 1106 nou
1295 1066 1455 1108 latebit.
1497 1066 1597 1112 Nou

174 1126 325 1166 desunt
360 1134 496 1163 tamen
527 1123 601 1177 qui
638 1122 947 1189 significatione
977 1123 1211 1177 discrepare
1248 1126 1403 1162 volunt
1429 1120 1599 1177 τήγανον

171 1180 254 1224 virro
277 1198 343 1223 του
372 1179 567 1234 ταγήνου,
601 1188 648 1218 ut
670 1177 838 1233 τήγανον
867 1177 957 1230 ipsa
986 1177 1192 1218 diceretur
1216 1187 1405 1233 sartago,
1429 1178 1601 1234 τάγηνον

174 1251 272 1277 vero
309 1236 421 1290 quod
453 1236 497 1274 in
531 1249 578 1275 ea
605 1235 775 1274 frictum
800 1242 922 1274 esset.
953 1234 1148 1272 Eustath.
1178 1233 1229 1272 ad
1263 1233 1341 1274 od.
1378 1240 1423 1276 T.
1485 1238 1603 1283 'stuic

173 1296 215 1335 δὲ
243 1290 408 1345 τάγηνον
429 1294 532 1344 φασὶ
567 1288 615 1330 τό
649 1293 690 1333 ἐν
713 1287 867 1356 τηγάνῳ
896 1290 1076 1342 ἑψηθέν
1114 1302 1250 1342 neque
1282 1302 1432 1344 negare
1469 1291 1595 1331 velim

174 1358 417 1400 usurpatum
443 1361 491 1386 ea
525 1346 700 1385 notione
720 1344 912 1398 τάγηνον·
943 1354 1052 1384 certe
1077 1346 1207 1383 Plato
1231 1343 1417 1384 Comicae
1447 1346 1509 1385 sic
1526 1345 1597 1385 ad·

176 1404 361 1443 hibuisse
383 1401 581 1441 videtur
569 1415 613 1439 m
638 1401 750 1441 istis.
771 1399 890 1442 Ου’δὲ
912 1399 1033 1449 λοποῖς
1057 1398 1178 1442 κακόν
1194 1401 1311 1451 ἔστιν,
1338 1399 1442 1455 drap
1459 1401 1504 1444 το“
1523 1399 1598 1443 ια’-

171 1476 289 1514 γηνον
311 1459 471 1512 ἄμεινον
489 1459 636 1510 Οἶμαι·
666 1470 772 1510 quae
789 1456 832 1494 in
845 1457 1188 1508 Dipnosophistae
1201 1456 1277 1497 lib.
1294 1457 1329 1498 I.
1357 1467 1604 1497 occurrunt.-

173 1516 232 1555 ibi
253 1514 405 1557 λοπάδα
434 1514 617 1552 Comicus
645 1512 803 1551 dixisse
822 1511 957 1550 videri
984 1521 1124 1565 potest
1144 1509 1478 1568 coeea,toiyr1vor
1497 1527 1597 1554 vero

168 1573 332 1625 fricta,
367 1580 511 1610 contra
542 1584 588 1607 ac
616 1567 806 1607 eruditus
824 1568 1030 1607 Athenaei
1050 1569 1252 1619 [nterpm
1275 1569 1498 1609 transtulit.
1526 1569 1599 1609 sed

174 1631 218 1667 in
243 1641 292 1666 eo
314 1626 544 1675 versiculo,
575 1623 688 1679 quod
720 1638 807 1662 non
830 1622 1189 1676 praetereundum,
1206 1624 1454 1664 Eustochiae
1471 1624 1600 1664 habet

174 1679 278 1735 ᾰταρ
301 1700 363 1725 τοι
378 1680 423 1723 τό
449 1677 617 1735 τάγηνον
634 1680 815 1731 α’ριστον·
845 1678 948 1717 illud
973 1696 1035 1722 τοι
1054 1689 1189 1717 tamen
1212 1679 1405 1718 carminis
1426 1679 1596 1746 modulo

175 1738 319 1780 officit.
375 1738 535 1777 Porro'
525 1752 568 1775 m
592 1737 747 1775 Glossis
772 1734 980 1774 veteribus
1000 1745 1079 1773 tam
1100 1730 1270 1785 τήγανον
1292 1748 1412 1789 quam
1428 1734 1598 1788 τάγηνον

170 1795 408 1849 exponitur
431 1803 627 1845 sartag0‚
650 1792 895 1843 frixorium,
931 1800 1090 1835 satura.
1129 1788 1368 1857 ibidemque
1393 1792 1517 1830 etiam
1537 1805 1596 1830 re-

175 1852 314 1905 perio,
345 1848 455 1903 quod
475 1850 607 1887 rarius
629 1848 673 1886 in
697 1847 883 1900 antiquis
901 1846 1202 1898 scriptoribus,
1224 1842 1394 1900 ,τάγηνος
1413 1855 1454 1886 et
1474 1843 1599 1898 ταγή-

172 1925 272 1950 mov
330 1904 435 1958 Quis
456 1904 585 1943 fuerit
604 1905 835 1954 sartaginis
841 1901 962 1968 apud
990 1904 1198 1941 Romanos
1220 1915 1331 1951 usus,
1361 1900 1473 1953 haud
1492 1902 1597 1942 adeo

176 1964 367 2017 ignotum
391 1970 474 2013 est3
505 1959 612 1998 idem
632 1972 731 1997 sane
752 1954 919 2012 ταγήνου
940 1957 1049 2011 apud
1072 1957 1275 2007 Graecos,
1303 1966 1351 1995 ut
1374 1957 1418 1995 in
1438 1971 1489 1997 eo
1514 1959 1599 1997 sci-

172 2020 275 2058 licet
293 2019 359 2056 vel
386 2030 528 2055 carnes
557 2017 622 2053 vel
643 2018 881 2067 placentae,
913 2023 985 2053 aut
1006 2025 1278 2067 quaecunque
1306 2012 1387 2051 alia
1409 2014 1538 2053 oleo
1526 2028 1598 2052 rn-

176 2075 335 2114 stillato
365 2073 630 2125 frigeremur.
664 2070 905 2122 planissime
936 2084 1019 2108 rem
1046 2078 1173 2108 totam
1205 2067 1410 2121 percipies
1438 2083 1494 2108 ex
1520 2068 1598 2108 ad-

176 2131 303 2168 ducto
336 2127 526 2179 superius
558 2126 709 2163 Galeni
733 2128 852 2173 loco,
891 2125 1044 2180 quibus
1078 2124 1157 2164 etsi
1184 2135 1369 2176 possem,
1398 2124 1479 2163 alia
1511 2139 1596 2164 non

177 2185 338 2224 addam.
377 2183 468 2221 ibi
458 2195 574 2221 mter
593 2190 726 2220 cetera
745 2180 912 2233 τάγηνον
936 2179 1176 2247 impositum
1201 2177 1329 2218 fuisse
1363 2178 1468 2219 dicit
1495 2177 1597 2221 οἶκοί-

176 2259 260 2294 nup
276 2242 384 2294 πυρί.
426 2241 646 2277 Luc-ianua
674 2237 718 2275 iu
746 2237 1007 2288 Lexiplzane:
1038 2232 1155 2287 λοβος
1183 2235 1228 2276 ἐκ
1251 2230 1442 2285 ταγήνου,
1478 2240 1599 2274 auri-

176 2283 297 2335 cuiae
318 2310 418 2348 pars
441 2294 573 2345 frixa.
606 2292 706 2331 hinc
725 2309 959 2345 ταγηνιοτον
975 2294 1040 2331 vel
1066 2305 1293 2354 τηγανιστον
1314 2289 1358 2328 in
1378 2291 1600 2330 Philoxeno

172 2353 345 2404 frixum.
375 2347 436 2392 md
452 2348 687 2404 ναγηνισιοὶ,
717 2363 794 2386 ova
807 2347 935 2400 frixa
961 2355 1239 2386 memorantur
1269 2344 1313 2383 in
1344 2345 1597 2386 medicorum

178 2407 369 2472 scriptis,
399 2421 420 2445 a
440 2406 601 2446 Galeno
632 2407 722 2457 περι
746 2403 899 2459 τροᾳῶν
917 2399 1121 2454 δυνάμεως
1146 2399 1410 2443 11b.111.;n1
1431 2400 1515 2444 τοῖν
1526 2421 1598 2444 τοι-

178 2459 306 2516 γρῖνοιν
332 2464 605 2515 παχυνθέντος,
635 2463 778 2508 Aetio,
807 2461 943 2498 Paulo
966 2461 1175 2511 Aegineta
1198 2455 1293 2496 libr.
1311 2457 1345 2497 1.
1387 2471 1422 2498 c.
1452 2462 1518 2505 32,
1557 2469 1599 2498 et

179 2519 285 2556 aliis.
317 2518 419 2555 haec
451 2518 617 2570 quidem
637 2514 717 2559 αἰιό
735 2517 801 2558 τοῦ
823 2517 1052 2569 ταγηνίζειν,
1085 2510 1195 2551 unde
1222 2511 1258 2550 si
1284 2512 1376 2565 quis
1399 2527 1491 2553 cum
1518 2516 1601 2552 Me-
