1690 2996
235 141 341 183 1082
853 137 929 180 IX.
985 141 1050 183 84.

234 249 429 295 Grotius,
459 247 597 302 gentis
618 248 798 288 Batavae
828 247 951 290 decus
984 264 1194 304 nunquam
1226 249 1507 294 interiturum.
1564 252 1651 306 [De

231 306 482 357 Aglostlzene
499 303 598 343 satis
618 304 662 343 in
686 303 763 343 hac
786 315 884 344 nota
902 308 1135 346 luculenter
1164 306 1391 360 disputavi.
1427 306 1500 348 sed
1519 322 1651 362 quae-

232 361 322 399 dam
352 360 487 399 obiter
511 359 807 413 adspergenda.
865 360 914 399 In
935 360 1098 413 Hygini
1120 364 1216 401 loco
1237 362 1507 414 Agloeehenes
1527 363 1648 402 claris

229 415 364 455 literis
383 428 624 467 expressum
647 414 801 468 legitur
821 415 863 454 in
888 415 1045 456 Codice
1067 418 1160 456 MS.
1190 431 1309 471 quem
1340 418 1517 458 contuli.
1571 418 1649 457 Illa

232 485 329 510 vero
359 485 451 509 cum
480 469 651 522 scripsi,
678 471 813 522 ipsum
850 471 1024 510 leomae
1047 473 1202 512 Galaei
1228 476 1368 512 locum
1397 486 1484 512 non
1509 473 1649 526 inspe-

229 540 391 572 xeram,
431 539 514 579 quo
544 536 687 577 postea
715 528 897 578 perlecto
930 526 1186 581 deprehendi
1214 540 1327 567 meae
1360 526 1647 567 adnotationis

229 585 425 634 pleraque
450 580 500 619 ab
527 579 825 620 Eruditissimo
853 581 954 620 Viro
983 596 1071 622 esse
1097 578 1312 633 occupata.
1343 583 1387 621 in
1409 583 1556 622 ceteris
1577 597 1649 622 au-

229 647 311 676 tem
337 637 539 674 Athenaei
552 635 808 686 emendatio,
849 650 953 690 quae
973 646 1098 690 caput
1115 647 1179 676 est
1198 637 1323 676 huius
1340 646 1477 688 notae,
1506 637 1647 678 homi-

228 706 326 732 nem
343 691 629 730 doctissimum
659 704 744 729 non
775 693 1003 743 praeteriit.
1035 692 1085 732 de
1104 693 1414 746 Agathosthene
1442 707 1539 733 vero
1565 707 1648 746 pa-

227 762 317 786 rum
347 747 485 794 abest,
518 746 621 800 quin
646 746 800 784 Galaet
826 747 1058 787 sententiae
1092 762 1155 787 me
1175 747 1340 796 dedam3
1373 746 1424 786 ad
1446 748 1559 802 quod
1582 763 1648 788 me

227 803 403 842 maxime
432 801 611 854 impellit
638 802 947 852 Eratosthenis,
973 816 1093 856 quern
1124 802 1322 852 adduxit,
1350 806 1480 844 locus.
1512 817 1649 857 quan-

228 871 348 911 quam
381 857 431 896 ab
464 860 593 896 altera
624 866 741 907 parte
770 857 1073 896 nihilomnino
1103 858 1160 896 sit
1183 858 1384 906 rationis,
1412 858 1524 912 qnod
1552 873 1649 898 ma·-

227 926 411 967 gnopere
440 925 514 951 nos
543 910 707 950 credere
729 921 874 965 cogat,
907 926 992 951 non
1013 910 1154 951 eadem
1178 913 1368 966 potuisse
1390 913 1525 952 literis
1542 927 1648 954 con-

225 967 383 1023 signari
407 966 456 1005 ab
476 966 788 1018 Agathosthene
807 976 848 1007 et
868 968 1128 1021 Aglostlzene.
1171 968 1239 1007 Ex
1267 967 1509 1021 ,addendi-⁴1]

935 1038 974 1077 4.
1279 1064 1285 1068 -

335 1086 505 1143 ἀξιώσει
528 1089 620 1144 τις]
659 1090 755 1127 Non
788 1091 896 1128 enim
907 1039 1029 1129 8volet
1054 1093 1272 1143 quisquam
1298 1104 1372 1131 nos
1393 1092 1441 1130 iu
1459 1104 1648 1142 praesens

226 1160 348 1198 agere
364 1148 582 1194 curiosius,
607 1147 662 1186 εἰ.
691 1152 757 1187 Μ.
782 1160 839 1183 an
859 1146 1095 1197 Mytilenaei
1111 1154 1188 1187 etc.
1218 1147 1258 1187 εἰ
1272 1159 1350 1200 pro
1371 1150 1410 1190 οἱ
1428 1148 1510 1201 leg.
1532 1146 1643 1187 C.V-

227 1212 268 1241 et
286 1202 343 1241 ita
363 1204 572 1255 eleganter
591 1201 807 1240 connectit
826 1210 1003 1241 textum.
1059 1201 1238 1241 Kussmr.

334 1262 497 1318 ἆξιαῖσει
515 1268 598 1319 τις]
629 1265 722 1307 MS.
751 1269 822 1315 τίς.
880 1267 1010 1310 IUNG.

334 1335 690 1388 πολυπραγμονεῖν.
754 1338 804 1375 Οἱ
823 1334 912 1386 Μ.]
942 1333 1212 1389 Progreditur
1239 1346 1352 1372 nunc
1377 1332 1428 1373 ad
1450 1347 1647 1373 numme..

224 1406 313 1431 rum
335 1390 471 1429 varios
491 1398 617 1442 typos
631 1419 643 1438 ‚
676 1386 726 1427 de
750 1389 902 1442 quibus
930 1389 1052 1429 etiam
1073 1388 1273 1443 peculiari
1294 1389 1429 1442 capite
1448 1392 1485 1436 8.
1515 1388 1589 1429 lib.
1609 1391 1644 1432 1.

224 1447 304 1485 Rei
326 1446 489 1484 Numm.
522 1447 703 1490 Hostus,
733 1454 775 1484 et
793 1446 849 1484 H.
878 1445 1023 1484 Iunius
1045 1455 1087 1484 et
1111 1445 1227 1484 Avus
1250 1458 1362 1483 meus
1379 1444 1503 1484 dictis
1522 1445 1642 1485 locis.

225 1502 296 1541 hic
325 1502 467 1553 itaque
491 1500 581 1541 MS.
614 1502 989 1554 πολυπραγμονεῖν,
1029 1503 1069 1543 εἰ
1091 1501 1363 1550 Μιτυληναῖοι
1385 1502 1459 1553 μὲν
1491 1509 1571 1539 etc·
1602 1509 1646 1540 et

225 1570 393 1611 prorsus
422 1556 478 1593 ita
516 1554 792 1594 scribendum.
852 1555 925 1596 Sic
944 1556 1083 1594 omnia
1102 1555 1256 1595 rectius
1275 1554 1511 1596 cohaerent.
1543 1558 1646 1596 vul-

225 1622 335 1668 gata,
364 1616 402 1654 υἱ
421 1611 697 1661 Μιτυλιναῒοι,
720 1610 874 1650 vitiosa
892 1620 1004 1651 sunt.
1058 1612 1190 1651 quat

334 1678 691 1729 πολυπραγμονεῖν.
752 1680 802 1719 Οἱ
828 1678 938 1730 etc.]
968 1677 1019 1716 Iu
1038 1677 1285 1718 textu-bene
1306 1677 1523 1718 Kuehniue
1541 1676 1644 1718 retl-

226 1734 385 1781 diderat
416 1733 536 1773 MSS.
563 1732 810 1781 lectionem,
845 1746 967 1785 quam
997 1733 1211 1788 sequimur
1244 1733 1418 1774 omnino
1443 1732 1643 1788 planissi-¹

225 1805 329 1830 mam
351 1790 496 1843 utique
519 1797 643 1841 atque
664 1788 922 1830 facillimam.-

332 1856 615 1906 Μιτυλιναῗοι]
647 1857 927 1904 Μιτυληναῖοι.
984 1855 1101 1894 Infra
1123 1867 1247 1909 segm.
1277 1866 1342 1908 92.
1398 1855 1493 1896 SEB.

334 1911 615 1962 Μιτυλιναῖοι]
658 1910 1012 1960 Mitylenaeorum
1042 1911 1247 1961 Sappom’s
1274 1909 1456 1964 imagine
1482 1909 1642 1964 signati

223 1968 379 2008 nummi
409 1975 558 2004 extant
583 1964 703 2004 varii.
743 1973 783 2004 et
809 1965 930 2004 binos
950 1964 1140 2020 quidem.
1171 1975 1218 2004 ut
1237 1967 1373 2004 lucem
1401 1965 1642 2017 acciperent

222 2033 346 2076 atque
367 2021 655 2060 auctoritatem
676 2018 777 2058 haec
798 2022 1009 2070 Pellana,
1040 2019 1330 2074 adpingendos
1347 2019 1505 2071 curavi,
1537 2033 1642 2074 quo·

225 2094 314 2119 rum
335 2078 491 2131 primus
520 2075 738 2128 antiquior
767 2074 899 2128 ipsam
932 2076 1054 2115 nobis
1071 2075 1122 2114 ab
1148 2090 1229 2114 una
1250 2085 1366 2127 parte
1387 2076 1643 2127 Sapphonem

222 2143 398 2174 erectam
420 2140 543 2184 atque
560 2139 735 2169 stantem
757 2140 1049 2183 repraesentat,
1079 2129 1221 2170 addita
1243 2129 1322 2169 hac
1341 2130 1639 2183 inscriptione:

222 2194 308 2233 ΣΑ
321 2195 368 2231 Π
383 2190 474 2228 ΦΩ.
500 2189 784 2228 ΛΕΣΒΙΣ’
823 2188 925 2225 alter
953 2200 1051 2225 vero
1069 2185 1145 2224 sub
1165 2187 1282 2224 Iulia
1308 2186 1491 2226 Procula
1514 2198 1638 2224 cusus

222 2244 392 2285 eandem
423 2241 596 2282 exhibet
621 2239 830 2280 sedentem
861 2255 952 2279 cum
984 2241 1061 2278 hac
1081 2238 1299 2296 ἐπιγραφῇ.
1329 2243 1641 2290 Μιτυληναίων·”

222 2300 257 2339 si
280 2299 331 2338 de
348 2296 616 2350 Mitylenaeis
647 2304 827 2347 nataque
855 2295 966 2348 apud
997 2309 1067 2334 eos
1093 2296 1308 2348 Sapphone
1324 2298 1461 2350 legere
1483 2295 1645 2348 gestiat

222 2355 408 2402 animus,
437 2350 828 2397 consulendisunt,
860 2350 931 2403 qui
962 2363 1148 2388 nummos
1172 2353 1434 2389 illustrarunt
1463 2360 1638 2400 veteres,

222 2413 418 2461 Begerus,
447 2409 639 2446 Nunnius·
671 2405 722 2445 ad
750 2405 979 2452 Goltu'um,
1011 2405 1182 2458 aliique.
1239 2405 1435 2457 Sequitur
1463 2404 1506 2443 in
1529 2403 1638 2443 Pol.

220 2466 308 2503 luce
339 2473 481 2503 nostro
525 2460 743 2510 de'Cbiis,
785 2474 888 2513 quos
920 2459 1114 2499 habuisse
1141 2463 1346 2512 sculptum
1378 2461 1422 2498 in
1457 2459 1636 2498 nummIs

221 2520 308 2558 suis
329 2522 548 2557 Homerum
568 2516 722 2570 inquit.
761 2515 943 2555 diversas
965 2514 1099 2554 fuisse
1119 2527 1276 2569 gentes,
1308 2529 1414 2570 quae
1435 2514 1519 2554 sibi
1538 2515 1634 2552 vin-

222 2574 407 2614 dicarent
432 2575 603 2612 Homeri
628 2573 808 2619 natales,
849 2585 911 2611 rcs
936 2579 998 2611 est
1025 2579 1136 2613 uota.
1176 2571 1286 2611 inter
1313 2584 1402 2619 eas,
1441 2579 1636 2611 monento
