1690 2996
113 87 220 128 1108
722 85 800 126 IX.
856 90 921 132 93.

111 193 163 234 de
194 208 278 248 quo
309 209 411 235 mox
440 198 573 249 plura.
611 196 792 238 Salmas.
821 212 876 238 ex
901 199 951 239 V.
983 198 1031 238 C.
1063 199 1271 251 Φωκῖτας,
1306 207 1350 241 et
1381 198 1540 242 viden·

111 248 210 289 dum
230 250 390 289 indicat
414 252 592 304 Hesych,
625 253 669 291 in
695 257 869 303 Φωκαίς.
926 255 1102 295 Kumm.

226 308 400 371 Θουζυδ.
431 310 505 361 μὲν
537 307 586 359 δη
614 311 682 351 και
704 326 761 352 ot.
803 312 1045 363 Φωκαιϊας]
1098 312 1190 354 MS.
1228 312 1470 363 Θουκυδίδης
1496 313 1539 354 δὲ

111 365 181 404 καὶ
218 363 417 413 στατῆρας
453 381 566 412 τινας
599 368 807 415 Φωκαΐτας
839 384 874 408 κ.
915 377 957 406 et
994 369 1131 420 placet
1163 366 1277 406 istud
1310 384 1421 415 τινας
1449 381 1538 407 non

112 418 284 472 negligi.
342 419 485 457 Locus
514 433 612 459 vero
640 421 909 474 Thucydidis,
938 422 983 460 ni
1010 423 1157 472 fallor,
1193 432 1256 462 est
1276 423 1348 462 ille
1369 422 1442 463 lib
1461 423 1536 461 lv.

110 471 373 527 Ξυγγραφῆς,
406 473 457 513 de
484 476 761 528 Mitylenaeis
789 487 830 516 et
850 478 1016 516 Lesbiis
1045 454 1259 527 exulibus,
1302 478 1392 532 qui,
1396 476 1538 517 Rhoe-

111 530 219 567 tium
243 539 520 597 occuparant.
551 534 618 572 καὶ
637 529 828 598 λαβόντες
844 535 1060 588 δισχιλίους
1086 532 1281 587 στατῆρας
1307 535 1536 584 Φωκαΐτας,

109 583 308 627 ἀπέδοσαν
330 580 465 634 πάλιν,
493 589 617 640 μηδὲν
641 586 918 640 αδικήσαντες.
964 589 1099 630 Iu.NG

167 660 171 665 ·
226 644 470 691 Θουκυδίδης
500 645 573 696 μὲν
598 642 648 693 δη
678 647 745 686 καὶ
771 661 830 686 στ.
863 645 945 697 Φ.]
993 644 1116 683 Afuit
1147 645 1192 684 ἰιι
1225 643 1407 698 vulgatis
1440 652 1540 697 post

110 697 309 750 στατῆρας
332 700 505 745 vocula,
537 713 641 751 quae
662 713 825 739 sensum
853 703 1020 753 explet,
1047 696 1183 750 τινάς·
1212 700 1258 738 in
1278 709 1439 740 textum
1460 699 1538 738 ita

112 766 192 806 que
221 753 390 805 reposui
420 752 470 793 de
492 753 615 795 MSS.
674 755 765 794 Hos
797 765 933 796 autem
961 756 1156 808 στατῆρας
1188 758 1423 805 Φωκαιτας,
1462 754 1538 808 qui

46 814 52 818 “
113 807 225 861 apud
263 809 449 861 Thucyd.
479 809 556 848 IV.
587 825 622 848 c.
659 809 727 850 52.
764 820 930 860 extant,
958 811 1182 850 Phocaicas
1222 819 1393 849 stateres
1430 809 1538 850 bene

110 863 238 904 vertit
260 864 539 917 politissimus
566 866 710 904 Valla.
744 879 766 904 a
787 866 1127 905 Phocaeensibus
1160 866 1356 904 nimirum
1377 865 1424 904 hi
1447 864 1538 904 cusi

112 929 252 967 erant;
295 918 368 957 sed
395 933 538 958 aurum
569 919 620 959 ad
652 935 723 959 eos
762 922 988 974 pessimum
1022 931 1109 960 erat
1139 920 1374 961 adhibitum
1411 929 1538 972 atque

112 973 413 1025 adulteratum,
445 985 641 1015 monente
667 976 899 1029 Hesychio:
938 986 979 1016 et
1006 984 1134 1028 prout
1164 975 1246 1016 hoe
1268 990 1411 1015 aurum
1430 975 1539 1014 vili-

111 1035 196 1069 tate
221 1043 294 1068 sua
324 1030 410 1068 fuit
439 1029 623 1078 celebre,
657 1032 714 1070 ita
745 1042 888 1071 contra
913 1046 958 1073 ea
983 1032 1278 1084 Colophonium
1295 1045 1368 1071 sua
1386 1031 1537 1086 probi—

112 1095 199 1124 tate
224 1094 349 1139 atque
369 1087 620 1137 praestantia
642 1087 865 1140 plurimum
889 1088 1101 1129 excelluit.

222 1143 319 1194 ᾳησῖ
346 1143 502 1196 γοῦν-ἕν
527 1144 607 1190 τοῖς
632 1143 809 1196 α’ποᾳθ]
838 1144 925 1183 MS.
946 1141 990 1196 y’
1010 1141 1102 1184 οὖν·
1132 1142 1203 1183 sed
1225 1157 1329 1198 quae
1347 1156 1538 1197 sequun-

111 1205 179 1235 tur
210 1206 344 1235 cetera
377 1198 641 1237 Casaubonus
661 1209 802 1238 noster
820 1199 946 1238 Notis
969 1198 1019 1237 ad
1039 1198 1171 1238 Persii
1187 1200 1315 1239 vitam
1336 1199 1550 1246 illustrat,'

111 1251 186 1289 ubi
214 1252 264 1291 de
291 1251 373 1291 hoc
392 1253 530 1293 Persio
560 1255 688 1293 Poeta
710 1254 869 1294 Graeco
887 1255 1146 1304 Phocaemi,
1186 1263 1228 1294 et
1258 1254 1353 1296 eins
1373 1253 1534 1292 urbano

113 1307 227 1347 dicto
257 1307 301 1345 in
330 1307 538 1347 Eubulum
567 1309 866 1359 Atarnensem,
898 1310 1040 1361 aitque
1066 1310 1215 1349 merito
1244 1311 1412 1376 vulgata
1433 1318 1536 1348 cor-

113 1372 260 1415 rupta,
297 1376 448 1418 eaque,
476 1375 524 1404 ut
554 1365 610 1403 sit
631 1365 773 1418 aliqua
802 1366 1007 1405 sententia
1039 1365 1095 1403 ita
1114 1365 1240 1418 legit:
1268 1362 1339 1407 τόν
1365 1380 1535 1414 ποιητην

112 1419 288 1472 Πεόσιον
311 1417 425 1472 (ante
453 1420 595 1473 inepte
621 1423 777 1475 γε’ρσιον
804 1421 1019 1487 legebatur
1049 1421 1094 1458 in
1120 1422 1252 1460 Basil.
1287 1421 1536 1459 Florentino

111 1475 243 1515 editio
267 1476 441 1529 Πέρσιον
460 1475 584 1515 habet
600 1477 744 1527 e‘tiam)
769 1475 1043 1542 αμελουμενον,
1072 1479 1129 1525 εἰς
1148 1475 1390 1526 Μιτυλήνην
1417 1475 1535 1517 ‹inet-

110 1529 236 1573 θόντα
267 1531 445 1602 γράψαι,
485 1528 588 1574 διότι
616 1549 708 1581 τους
734 1536 944 1580 Φωκαὶτας
970 1530 1042 1596 οὓς
1067 1533 1196 1586 εἶχον,
1224 1533 1337 1586 ἔσχον
1361 1531 1513 1581 ἠὸιου’
1492 1548 1535 1574 εν

110 1583 323 1642 Μιτυλήνη
353 1588 501 1640 μᾶλλον
527 1587 555 1637 ἦ
583 1589 622 1629 ἐν
646 1584 838 1643 ’Λιάρνῃ·
869 1598 912 1628 et
944 1587 1032 1627 eius
1063 1587 1388 1640 explicationem
1415 1595 1535 1640 potes

111 1642 257 1682 videre
297 1634 466 1682 ibidem.
537 1643 617 1683 Sed
648 1645 736 1686 MS.
768 1654 909 1684 noster
940 1658 964 1682 a
998 1646 1166 1697 vulgata
1200 1643 1381 1683 lectione
1413 1642 1535 1683 valde

115 1698 216 1750 abit,
235 1700 399 1737 varians
422 1700 547 1738 etiam
569 1699 613 1737 in
634 1701 790 1740 Poetae
811 1699 995 1750 nomine,
1027 1713 1146 1752 quem
1165 1699 1378 1739 Persinum
1395 1708 1533 1749 vocat,
1603 1726 1608 1731 -

114 1768 201 1793 non
231 1757 445 1802 Persium,
477 1756 712 1808 retinetque
738 1755 907 1796 verbum
934 1753 1198 1806 θαυμάζοντα.
1229 1754 1368 1794 omnia
1396 1763 1534 1793 antem

114 1810 172 1848 ita
202 1810 329 1849 habet
363 1820 460 1862 post
482 1813 757 1862 Καλλισθένης
784 1813 876 1852 MS
904 1808 987 1853 vno
1013 1807 1222 1863 Εὐβούλου
1246 1814 1319 1852 τοῦ
1341 1806 1534 1859 Αταρνῆ-

113 1882 182 1908 του
208 1882 278 1907 τον
315 1881 479 1915 ποιητην
505 1870 707 1918 Περσίνον
739 1864 1029 1935 ἀμελούμενον,
1067 1868 1124 1915 εἰς
1149 1866 1384 1914 Μυτυλίνην
1418 1863 1536 1908 cinel-

111 1919 243 1964 θόντα
274 1919 527 1973 θαυμάζοντα
563 1921 739 1976 γράψαι,
789 1920 891 1965 διότι
929 1940 1003 1973 τας
1031 1925 1242 1970 Φωκαΐδας
1276 1920 1379 1976 ἔχων
1409 1919 1535 1970 ἦλθεν

113 1978 226 2028 ἥδιον
259 1977 299 2019 ἓν
320 1978 526 2033 Μιτυλίνη
553 1983 729 2030 μαλλον,
769 1978 797 2028 ἦ
820 1982 860 2021 ἐν
888 1977 1074 2032 Ἀτοῖρνει
1100 1975 1343 2022 καταλαττει.
1411 1976 1536 2034 Certo

114 2029 185 2082 uic
208 2035 417 2080 Φωκαιδας
434 2046 522 2072 nou
555 2043 707 2074 temere
730 2034 972 2072 mutandum
997 2033 1175 2076 videtur.
1215 2042 1258 2072 et
1287 2033 1446 2086 priores
1473 2042 1535 2072 et·

114 2090 195 2130 iam
229 2088 435 2128 editiones
461 2085 533 2138 τοές
560 2089 768 2138 Φωκαίτας
799 2089 1022 2131 habebant.
1081 2090 1328 2141 Hesychius:
1359 2088 1535 2138 Φωκαῒς,

113 2145 236 2198 ὄνομα
255 2144 398 2192 ἔθνους
416 2148 483 2186 και
502 2161 543 2188 το
559 2143 743 2187 κάκιστον
767 2148 950 2198 χρυσίον·
977 2159 1053 2184 nec
1073 2146 1246 2185 verbum
1266 2139 1546 2196 autumnitas„

114 2200 228 2256 quod
255 2204 494 2254 plerumque
523 2215 544 2239 a
569 2200 751 2239 librariis
777 2201 902 2239 unico
932 2205 955 2241 λ
982 2210 1216 2248 exaratum,
1257 2201 1409 2238 frustra
1435 2198 1532 2240 MS.

113 2257 311 2296 servavit.
375 2257 458 2296 Pro
490 2256 602 2306 ἥδιον
632 2255 763 2295 editio
795 2258 906 2295 Flor.
946 2258 1046 2297 ι’διου
1074 2255 1213 2294 habet.
1269 2256 1425 2294 Denuo
1454 2254 1534 2292 ita·

114 2328 193 2366 que
227 2312 308 2351 viri
334 2310 566 2351 doctissimi
599 2311 702 2351 haec
730 2310 1057 2358 examinabunt,
1094 2324 1145 2348 an
1173 2309 1269 2352 MS.
1307 2309 1440 2348 nostri
1465 2311 1534 2351 le-

116 2369 259 2408 ctione
279 2366 415 2405 adiuti
415 2381 621 2438 wprorsus
635 2368 679 2406 in
708 2367 913 2420 integrum
943 2366 1160 2405 restituere
1193 2375 1359 2417 queant
1401 2362 1532 2405 [UNG-

223 2425 341 2475 φησὶν
360 2421 453 2474 γοῦν
471 2426 512 2465 ἐν
529 2442 562 2465 τ.
594 2422 661 2466 oln-
691 2423 716 2465 o‘
731 2428 857 2466 Καλλ.
870 2423 888 2473 ]
924 2421 1193 2460 Callisthenes
1212 2420 1282 2459 hic
1301 2420 1408 2471 quis,
1440 2421 1533 2474 qui-

116 2494 165 2519 ve
187 2488 229 2517 et
251 2477 363 2516 unde
382 2479 515 2530 patria
537 2479 680 2526 fuerit,
698 2487 953 2531 compertum
972 2491 1057 2515 non
1078 2475 1208 2516 habeo
1227 2473 1400 2527 liquide.
1432 2476 1533 2514 cat..
1576 2523 1579 2526 y

113 2535 299 2583 liethenis
330 2533 497 2588 quidem
521 2535 742 2588 Sybaritae
759 2533 937 2588 plurima
957 2533 1127 2586 collegit
1151 2531 1307 2584 scripta
1324 2533 1533 2571 Maur-siue
