1690 2996
223 123 331 165 1494
839 119 894 160 X.
954 122 1020 165 69.

223 228 447 271 suetudine
473 227 678 283 loquendi
706 230 869 285 vulgari
897 231 1094 272 vocabuli
1116 231 1238 272 istius
1267 232 1371 274 bueo
1390 232 1511 274 notio
1529 233 1648 274 inva-

224 287 353 327 luisse
385 285 574 336 videtur,
620 298 758 340 neque
795 285 1061 342 antiquitatis
1094 289 1344 328 auctoritate
1376 289 1508 329 fuisse
1543 298 1647 329 tuta.

224 343 388 395 iamque
407 340 634 392 videamus,
663 355 805 381 annon
824 341 867 381 id
895 343 1030 396 ipsum
1051 344 1236 397 apprime
1255 344 1397 384 lucide
1409 344 1557 385 Pollux
1568 359 1650 384 ex-

223 408 367 452 ponat.
417 398 538 436 Licet
563 406 698 436 autem
729 412 925 449 mensam,
957 399 1120 452 inquit,
1150 402 1197 438 in
1225 412 1308 453 qua
1336 401 1492 451 poeula
1523 402 1647 439 collo·

221 462 395 501 cantur,
424 461 462 490 et
490 451 704 504 τετράπουν
730 449 924 507 τράπεζαν
944 456 1148 508 appellare
1169 463 1208 493 et
1231 453 1451 507 μονόπουν·
1477 456 1647 495 nomine

222 509 387 549 scilicet
405 521 427 547 a
447 508 646 561 pedibus,
678 509 830 563 quibus
859 510 1081 561 innititur,
1111 511 1258 563 petito.
1297 511 1399 564 quio
1429 509 1544 550 aliud
1568 525 1647 550 ex-

222 576 361 619 pectes
389 564 492 616 iam,
521 578 642 618 quam
673 574 721 604 ut
749 565 963 618 proprium
998 567 1127 621 magis
1158 566 1273 607 iuius
1299 580 1462 606 mensae
1493 580 1645 605 nomen

221 621 358 660 tradat
380 620 861 673 Onomastu'cograplzus?
890 631 937 660 tu
965 635 1063 661 vero
1094 622 1312 661 considera
1346 636 1444 660 num
1465 635 1552 662 non
1570 635 1647 674 sp-

221 677 382 716 tissime
411 675 513 716 haec
539 677 605 729 >ita
638 686 967 728 connectantur:
998 685 1038 715 et
1066 679 1107 716 si
1139 679 1232 729 quis
1266 678 1437 716 voluerit
1468 678 1646 725 studiose

222 735 427 783 aucupari
455 735 678 770 novit-atem
710 741 750 771 et
774 734 1039 771 insolentiam
1070 747 1190 778 usus,
1221 731 1535 787 τραπεζοφόρον·
1567 731 1646 771 ubi

219 798 443 842 sanequam
464 787 647 828 ostendit
676 787 791 828 vocis
818 789 936 827 illum
967 795 1086 826 usum
1114 801 1269 828 novum
1292 794 1402 835 es'se,
1432 802 1568 842 neque
1593 786 1644 826 ab

219 843 469 898 antiquitate
488 842 788 893 commendari,
820 843 949 897 magis
969 841 1012 881 id
1033 841 1221 896 quidem,
1253 843 1366 896 quod
1384 842 1530 892 addat,
1559 854 1647 882 non

219 899 430 938 invenisse
453 912 495 938 se
514 909 559 938 ea
579 898 890 952 significatione
910 911 1061 938 nomen
1080 898 1125 936 id
1143 898 1186 936 in
1207 898 1503 951 Aristophanis
1518 899 1645 950 Agri·

215 957 342 1004 eolis,
372 953 443 993 sed
471 955 550 993 alia
586 957 759 995 multum
792 953 978 1005 divern3
1012 963 1057 993 at
1085 968 1176 992 eum
1203 948 1492 1007 τραπεζοφᾶρος
1513 963 1643 1004 extet,

219 1011 347 1050 licere
366 1009 483 1048 abuti
506 1010 629 1049 istius
649 1009 960 1064 significatione
985 1008 1036 1048 ad
1067 1009 1188 1048 aliam
1220 1013 1347 1064 longe
1377 1023 1460 1049 rem
1491 1023 1540 1048 ac
1567 1009 1646 1051 de.-

220 1076 342 1105 notat
357 1066 538 1118 proprie.
568 1064 766 1104 videntur
782 1065 885 1105 haec
904 1065 1077 1105 omnino
1096 1064 1242 1106 ordine
1258 1067 1345 1104 non
1364 1063 1644 1119 disiungendo

221 1122 464 1170 coniuncta.
495 1131 706 1175 praeterea
726 1122 770 1159 in
791 1123 938 1160 Paulli
957 1124 1051 1160 loco
1076 1123 1214 1160 locum
1244 1120 1394 1161 habere
1415 1126 1500 1160 non
1519 1127 1646 1173 ‘posse

219 1177 387 1216 videtur
405 1177 475 1216 illa
498 1179 566 1219 τοῦ
582 1176 871 1231 τραπεζοᾳόρου
890 1176 1024 1225 notio,
1038 1189 1161 1230 quam
1182 1187 1302 1231 urget
1313 1177 1646 1230 lungae-mannus

220 1242 386 1283 noster,
423 1233 630 1287 siquidem
663 1232 722 1271 ibi
749 1243 980 1272 mensarum
1016 1246 1189 1286 genera,
1226 1240 1311 1272 noh
1340 1237 1479 1273 earum
1510 1232 1644 1274 fulcra

219 1299 295 1328 aut
320 1288 436 1327 aliud
467 1289 571 1343 quid
601 1289 884 1329 nominentur.
916 1297 957 1327 et
988 1286 1285 1327 attendendum
1312 1297 1457 1327 revera
1485 1285 1644 1335 sedulo,

221 1344 325 1398 quid
345 1346 386 1382 in
413 1345 526 1383 omni
549 1348 641 1383 loco
663 1358 766 1398 quae
788 1351 991 1398 praeeunt
1019 1351 1060 1381 et
1079 1357 1186 1396 quae
1215 1351 1541 1396 consequuntur,
1562 1355 1645 1395 po-

220 1403 396 1449 stulent,
428 1401 561 1454 iisque
592 1399 754 1438 demum
789 1397 970 1454 cognitis
999 1406 1041 1437 et
1060 1398 1287 1450 perspectis
1315 1397 1367 1437 de
1397 1411 1520 1437 sensu
1549 1411 1645 1437 ver-

220 1456 363 1494 borum
406 1456 759 1507 formularumque
790 1454 991 1510 loquendi
1025 1453 1153 1492 statui
1193 1463 1355 1506 potest3
1398 1454 1471 1491 ille
1506 1463 1644 1492 autem

217 1509 495 1551 Basilicorum
513 1513 742 1562 Interque-⁹,
775 1512 850 1564 qui
873 1509 1094 1565 scripserat
1118 1516 1155 1553 οἱ
1182 1507 1257 1557 τοῖς·
1274 1509 1468 1562 τραπέζας
1484 1507 1646 1562 ἔχοντες,

217 1568 253 1606 si
277 1566 472 1606 Graecam
499 1581 642 1606 vocem
665 1566 890 1616 intellexit,
923 1575 965 1604 et
982 1565 1203 1618 quicquam
1226 1565 1296 1604 illa
1322 1565 1444 1604 verba
1468 1565 1520 1604 ad
1541 1580 1646 1618 tpa-

216 1621 430 1677 πρζοφόρον
465 1621 756 1661 declarandum
788 1624 924 1661 valere
952 1629 1147 1673 possunt,
1185 1619 1332 1674 potius
1358 1619 1408 1660 ad
1438 1619 1644 1674 originem

218 1680 336 1718 vocis
376 1690 495 1732 quam
535 1677 586 1716 ad
631 1691 748 1715 usum
786 1676 981 1730 respexit.
1028 1689 1164 1728 neque
1189 1686 1324 1715 tamen
1358 1690 1437 1730 ego
1475 1688 1643 1729 prorsus

218 1749 365 1788 negare
398 1735 521 1773 velim
551 1730 822 1786 τραπεζοᾳόρα
851 1736 919 1772 vel
940 1729 1260 1784 τραπεζοφόρους
1287 1730 1338 1771 de
1369 1732 1514 1770 fulcris
1533 1741 1644 1772 men-

217 1805 352 1829 sarum
371 1803 555 1843 unquam
578 1803 666 1829 esse
687 1799 924 1841 usurpatos,
944 1802 1035 1827 cum
1060 1787 1103 1824 in
1125 1787 1232 1826 hanc
1261 1787 1402 1839 potius
1424 1787 1642 1827 notionem

218 1860 340 1898 quam
359 1847 401 1884 in
425 1846 545 1884 aliam
570 1846 681 1883 illam
712 1845 892 1896 priorem
923 1854 963 1883 et
996 1845 1206 1895 vulgarem
1225 1842 1345 1896 ori-go
1364 1841 1555 1881 vocabuli
1573 1842 1644 1879 in-

215 1902 356 1940 clinet.
396 1911 436 1939 et
454 1903 545 1955 'ego
575 1902 637 1939 sic
665 1900 814 1940 lubens
847 1913 992 1953 capere
1022 1900 1143 1937 velim
1172 1899 1217 1936 in
1243 1898 1502 1936 Artemidori
1534 1900 1644 1949 loco,

213 1967 361 2009 utpote
380 1955 491 2011 quod
513 1955 562 1994 ad
585 1970 803 2008 personam
826 1954 1046 1995 oeconomi
1063 1957 1188 2008 longe
1207 1953 1259 1992 sit
1271 1953 1645 2007 appositissimum,

213 2011 420 2064 siquidem
453 2012 524 2050 ille
556 2012 611 2049 sit
642 2012 818 2050 fulcrum
853 2020 895 2050 et
929 2013 1119 2049 columen
1150 2009 1319 2059 domus,
1358 2008 1484 2048 sicuti
1509 2008 1643 2060 ipsius

213 2082 377 2106 mensae
416 2064 729 2120 τραπεζοφόρος·
778 2067 930 2105 scimus
966 2075 1100 2104 autem
1136 2066 1391 2104 somniorum
1430 2063 1589 2105 iudicia
1616 2071 1641 2103 a

211 2122 365 2162 talibus
387 2124 642 2176 argumentis
674 2123 896 2175 praecipue
930 2120 1124 2174 pendere.
1179 2121 1293 2160 Haeo
1315 2119 1457 2159 omnia
1476 2133 1567 2172 cum
1589 2117 1642 2157 ad
1681 2143 1685 2146 -

214 2179 394 2216 animum
422 2192 596 2227 revoco,
629 2191 771 2228 parum
794 2177 931 2227 abest,
963 2176 1066 2228 quin
1087 2175 1390 2228 luhgwmanm
1407 2173 1639 2214 contrarius

211 2236 254 2272 in
288 2248 411 2272 sensu
439 2235 524 2273 loci
553 2233 677 2271 huius
711 2232 934 2279 obsistam,
967 2231 1239 2283 diversaeque
1264 2229 1402 2282 parti,
1428 2242 1535 2282 quos
1565 2229 1639 2268 ille

210 2304 352 2329 omnes
374 2290 469 2328 vitii
495 2289 723 2335 insimulat.
755 2287 896 2327 adsim.
926 2290 1060 2326 lector
1085 2286 1300 2337 perpensis
1320 2285 1533 2323 rationum
1552 2297 1639 2322 mo-

209 2345 361 2384 mentis
394 2345 443 2383 ad
472 2345 583 2383 illam
606 2358 652 2382 se
680 2344 927 2384 sententiam
957 2349 1174 2394 aggreget,
1204 2353 1323 2394 quam
1357 2339 1446 2378 voti
1477 2338 1638 2379 similliu-
1671 2359 1678 2365 -

210 2415 313 2438 mam
336 2401 558 2442 exi-stimat.
616 2401 732 2438 Alias
752 2409 793 2437 et
813 2396 922 2451 apud
936 2397 1163 2435 Ciceronem
1183 2395 1463 2446 trapezophor-s'
1479 2393 1637 2434 mentio

208 2457 282 2494 lib.
316 2456 409 2495 Vll.
440 2458 518 2508 Ep.
551 2453 614 2498 23.
678 2454 796 2505 Quod
810 2454 889 2493 tibi
916 2452 1153 2491 destinaras
1178 2450 1525 2502 trapezopkonen
1545 2452 1638 2489 siu

207 2513 398 2563 delectat,
428 2513 606 2557 habebis.
637 2510 750 2550 unde
770 2520 907 2550 tamen
930 2505 1033 2562 quid
1056 2506 1191 2546 cicero
1214 2519 1289 2560 per
1307 2505 1638 2559 παραφῆναι·

207 2567 475 2618 intellexerit,
504 2582 648 2622 parum
663 2566 812 2622 liquet.
