1656 2976
174 136 196 171 ·1
208 132 288 173 850
775 127 828 168 Χ.
889 131 981 171 179.

182 240 306 277 talem
332 236 554 276 immutant
574 238 615 280 ἐν
638 239 872 294 Βομβυκίῳ·
905 253 1026 292 quam
1047 251 1124 294 ego
1143 238 1367 279 lectionem
1394 238 1550 280 retinui
1569 248 1610 279 et

182 294 224 331 in
243 302 403 332 textum
417 292 583 345 induxi,
613 308 846 349 quanquam
869 295 939 333 ina
965 296 1262 347 langermanni
1283 295 1520 335 coniectura
1534 309 1609 334 seu

185 348 1152 402 Casaubom'potiussummopereadblandiatur.
1167 350 1269 403 quin
1281 350 1610 404 etipsumMeur-

181 407 288 443 sium
306 403 396 443 sine
424 406 509 442 ulla
533 404 801 444 dubitatione
827 406 1128 459 pronunciasse
1147 404 1306 445 video'
1294 419 1337 444 m
1364 408 1508 444 Attica
1526 407 1611 444 Bi-

182 458 382 497 bliotheca
404 470 646 512 corruptum
673 474 759 500 esse
783 460 897 499 hunc
915 464 1068 513 locum,
1099 459 1488 513 restituendumque
1514 466 1610 513 Bou.-

183 516 322 572 βυλίω.
361 514 485 553 MSS.
508 524 643 554 tamen
663 529 748 554 non
765 516 855 556 sine
875 516 991 584 gravi
1013 517 1176 556 ratione
1199 514 1447 556 deserendos
1465 516 1611 556 existi-

183 584 266 610 mo
307 567 531 624 βομβύκιον
553 573 796 610 vermiculus
817 586 838 610 a
859 569 1035 627 βόμβυξ.
1068 586 1090 610 a
1119 585 1200 626 qua
1218 584 1322 610 voce
1342 585 1416 609 cur
1433 585 1517 610 non
1540 572 1612 609 fa-

183 625 307 663 bulae
326 626 472 664 titulus
493 637 532 665 et
556 627 698 665 nescio
724 640 807 680 quo
823 627 948 666 'modo
968 626 1153 681 lepidum
1171 635 1456 680 argumentum
1473 627 1613 666 enasci

183 680 404 733 potuerit?
431 681 501 720 sed
524 691 571 719 ut
592 682 635 720 in
659 683 887 732 conviviis,
917 683 976 721 ita
1001 692 1042 721 et
1063 682 1107 720 in
1130 696 1173 720 re
1194 683 1351 720 Ονιιίοα
1368 695 1465 720 suus
1477 683 1612 720 cuivis

183 745 246 775 est
275 750 408 789 sapor.
465 736 515 775 In
545 738 800 787 Antiphanis
838 740 932 776 loco
965 737 1122 793 ἀγγεῖον
1154 734 1386 791 ἆλφιτήριον
1424 751 1446 776 a
1484 736 1611 778 MSS.

186 791 478 839 confirmatur;
512 806 587 830 nec
609 792 704 832 ideo
726 793 837 830 illam
855 793 1079 832 lectionem
1096 803 1248 832 temere
1268 792 1466 832 reiiciam.
1507 792 1610 831 alias

183 847 380 885 usitatius
403 857 480 894 eet,
506 848 819 901 magisquecum
835 849 1025 902 analogia
1039 848 1249 887 consentit
1266 845 1508 900 ἆλφιτηρὸν
1539 846 1612 886 sed

185 912 227 940 et
246 916 368 955 supra
386 916 510 955 segm.
533 904 600 957 95.
619 901 839 970 ιιελιτήριον
859 903 977 958 α’γγος
995 904 1118 944 MSS.
1138 902 1358 954 habebant,
1394 903 1468 942 tibi
1487 901 1613 943 Codi-

185 971 252 996 ces
277 960 437 1012 vulgati
461 956 676 1010 μελιτηρόν.
695 958 779 997 hic
805 959 916 998 nihil
937 960 1132 999 existimo
1153 958 1407 998 mutandum.

294 1014 337 1055 ἐκ
361 1015 550 1066 Πίθωνι]
584 1015 630 1053 C.
651 1013 709 1057 V.
732 1018 866 1056 Πίθω.
907 1016 1018 1055 forte
1040 1014 1223 1063 Πύθωνι,
1233 1017 1279 1054 in
1296 1014 1486 1066 Pythone,
1515 1012 1612 1053 dein

185 1066 313 1121 βόϊον.
373 1069 422 1108 C.
449 1071 497 1108 A.
526 1069 674 1125 βόςοον,
707 1069 820 1124 quod
843 1084 926 1109 non
950 1069 1174 1124 probarim.
1211 1084 1288 1124 pro
1311 1067 1340 1124 ἢ
1365 1068 1410 1111 C.
1442 1069 1493 1110 V.
1525 1085 1555 1126 ω
1573 1083 1613 1111 κ.

184 1131 332 1164 Kumm.

298 1181 341 1223 ἐκ
360 1181 546 1233 Πίθωνι]
577 1180 667 1222 MS.
689 1178 934 1236 Ἐπίχαρμος
956 1179 1152 1224 mem*
1112 1199 1148 1251 η
1165 1188 1206 1224 θ.
1223 1179 1352 1236 βόϊον,
1384 1178 1414 1234 ἦ
1427 1197 1465 1222 κ.
1480 1179 1615 1235 φέρειν

186 1231 429 1288 ἆκωρυκίδα.
488 1236 567 1275 Sed
589 1237 847 1276 emendatum
866 1241 1027 1279 Πίθωνι
1045 1248 1086 1278 et
1103 1235 1131 1291 ἢ
1145 1254 1294 1292 κωρυκ.
1315 1247 1362 1275 ut
1385 1240 1519 1305 vulgo
1538 1245 1615 1277 est.

187 1291 303 1347 βόῐον
320 1292 444 1331 etiam
462 1292 557 1331 MS.
582 1292 714 1331 Seberi
734 1292 873 1336 habet
929 1292 1109 1332 Videtur
1132 1292 1498 1346 autemlegendum
1507 1288 1615 1332 'Em'-

186 1363 335 1407 χαρμος
364 1351 548 1388 Πιθῶνι·
585 1358 632 1385 ut
661 1347 742 1386 hoc
770 1348 827 1386 sit
853 1362 1004 1387 nomeu
1032 1347 1241 1394 dramatis,
1273 1347 1330 1386 ita
1350 1347 1454 1386 dicti
1480 1360 1502 1385 a
1523 1346 1616 1385 vini

187 1400 429 1455 apothecis,
458 1402 507 1442 de
534 1402 682 1455 quibus
707 1416 829 1454 supra
848 1404 925 1453 VI,
954 1403 1014 1444 15.
1036 1412 1078 1443 et
1097 1401 1310 1453 V11‚163.
1340 1416 1419 1441 neo
1439 1402 1550 1442 enim
1570 1400 1614 1440 id

186 1457 325 1499 verbis
354 1458 516 1499 Comici
533 1456 801 1497 attexendum
820 1469 938 1526 puto,
968 1472 1073 1513 quae
1090 1460 1147 1498 ita
1169 1457 1409 1513 distingue:

456 1511 494 1564 ἢ
502 1510 679 1555 θύλακον
694 1510 839 1567 βόειον,
867 1511 894 1567 ἢ
912 1515 1001 1557 κόϊν
1019 1515 1169 1570 φέρειν,

457 1568 487 1621 ἢ
503 1571 706 1621 κωουκίδα
724 1591 788 1612 -.
843 1576 953 1611 Iu-xe.

297 1623 463 1680 βόειον]
492 1607 588 1666 MS.
605 1624 734 1692 βόϊον.
792 1631 873 1667 San.

295 1681 439 1733 κόϊκα]
472 1681 518 1720 C.
543 1682 592 1719 A.
614 1676 706 1722 κοῖα
731 1678 776 1725 ὦ.
803 1686 850 1724 Φ.
905 1687 1048 1722 Ktmrm.

298 1735 353 1786 ὥς
382 1741 477 1793 Φερ.
515 1739 721 1792 κοριανοί·
762 1741 840 1787 πᾶς
868 1735 908 1780 δ’
933 1755 983 1779 αν
1004 1739 1118 1780 εσατο
1141 1737 1373 1791 εῑο.]’Μ8.
1400 1737 1615 1792 κοριαννοί.

187 1799 316 1833 Samm-

300 1865 356 1898 ως
378 1852 471 1903 Φεο.
499 1850 702 1904 κοριανοί·
732 1847 932 1898 nas-&8221
948 1849 1060 1891 εσατο
1084 1857 1165 1891 etc.
1177 1848 1205 1901 J
1231 1849 1314 1889 Pro
1335 1847 1517 1901 κοριανοὶ
1535 1849 1616 1902 leg.

186 1911 406 1958 κοριαννοῖ.
446 1905 701 1944 Pherecracis
734 1904 871 1943 drama
898 1902 1131 1958 κοριοιννώ.
1157 1903 1200 1944 C.
1228 1903 1280 1944 V.
1313 1904 1542 1972 Κορυανοί,
1572 1912 1616 1941 et

187 1970 286 2014 post
308 1960 352 1999 in
379 1960 514 1998 verbis
544 1962 732 1998 Pher-eor.
760 1961 910 2002 ἕσσατε·
947 1970 988 2000 et
1007 1959 1096 2001 vid.
1121 1958 1307 2029 Hesyclz.
1315 1957 1359 1996 in
1376 1955 1617 2027 Ἑσσᾶμενος

188 2026 230 2056 et
252 2016 441 2058 ἕσσασθαι
459 2025 500 2055 et
517 2013 734 2084 κωρύκους.
775 2017 950 2055 Salmas.
979 2015 1060 2054 ita.
1089 2040 1146 2048 —-
1164 2021 1242 2064 πᾶς
1266 2010 1307 2056 δ’
1326 2009 1428 2070 οἷνήρ
1435 2010 1614 2055 ’Ἑσακτο

187 2076 325 2139 τεῦχος
338 2090 364 2125 η
393 2067 497 2113 κόΐκ’
519 2089 546 2125 η
529 2069 767 2125 “κώρυκας·
798 2080 840 2110 et
843 2069 1090 2142 κοριάννοις
1108 2074 1176 2112 vel
1192 2067 1403 2126 κοριάννω.
1468 2072 1612 2109 Knmm.
1640 2104 1642 2106 ,

297 2125 350 2177 ὥς
374 2131 463 2179 Φερ.
485 2130 684 2195 κοριανοί·
715 2131 795 2174 πᾶς
813 2125 854 2168 δ’
873 2145 922 2168 αν
934 2128 1046 2169 ἕσατο
1061 2137 1139 2168 etc.
1153 2128 1168 2180 ]
1199 2111 1458 2167 Noster‘MS.
1470 2140 1616 2179 κορυα-

185 2185 269 2225 νοί·
301 2189 396 2232 παῖς
416 2180 458 2225 δ’
479 2179 581 2238 οἷνήρ
603 2185 774 2225 ἕσαττετ
844 2182 925 2223 Sed
950 2182 1210 2222 emendatum
1228 2185 1356 2230 πᾶςεῐ
1374 2181 1514 2223 ἔσοιτο.
1557 2180 1617 2218 Et

186 2239 365 2291 primum
386 2238 554 2293 quidem
573 2248 696 2279 recte.
727 2237 776 2278 de
797 2240 925 2278 altero
946 2252 1044 2276 vero
1068 2241 1172 2278 male
1190 2238 1344 2276 factum
1368 2236 1451 2274 aio.
1496 2234 1615 2288 Quid.

186 2295 294 2333 enim
321 2305 382 2334 est
408 2296 543 2342 ἔσοιτο,
576 2294 666 2333 sive
697 2295 808 2335 εσατο
838 2292 943 2331 hic?
974 2292 1084 2332 nihil
1107 2293 1211 2332 boni
1238 2304 1379 2331 sensus
1399 2290 1486 2329 scio
1507 2289 1615 2328 mihi

186 2349 467 2402 extorquebis.
501 2351 593 2403 quis
613 2350 723 2388 enim
744 2349 855 2387 dicat
873 2347 1214 2402 έσασθαιτεῦχοςῗ
1243 2349 1298 2385 At
1318 2348 1488 2384 alterum
1507 2347 1614 2386 ἔσατ·

183 2420 222 2444 τε
243 2407 408 2458 elegans
430 2415 471 2444 et
489 2416 644 2457 aptum.
676 2405 736 2443 ait
758 2404 888 2453 enim,
920 2419 1114 2469 quemque
1128 2419 1202 2455 pro
1219 2401 1453 2469 cefarsisse
1471 2409 1512 2438 et
1532 2404 1615 2438 im-

178 2460 229 2510 pl
228 2474 312 2497 esse
332 2463 446 2512 vasa,
467 2464 621 2512 enicem,
644 2475 815 2512 corycoe.
845 2460 909 2498 Ita
929 2459 1038 2499 enim
1059 2461 1154 2501 MS.
1175 2457 1204 2512 η’
1223 2455 1447 2510 κωρύκους’
1470 2469 1614 2508 quam-

182 2514 245 2552 via
266 2516 431 2554 literula
457 2525 551 2566 post
573 2514 602 2568 ἢ
623 2530 735 2554 elasa
759 2519 883 2568 plane
904 2524 978 2565 est,
1018 2525 1065 2554 ut
1084 2528 1263 2554 nesciam
1274 2529 1326 2552 an
1340 2513 1446 2551 forte
1457 2525 1611 2563 eo,quo

181 2569 312 2621 prius,
343 2571 492 2611 mendo
517 2568 689 2611 fuerit’
665 2570 913 2628 ακωρύκους,
942 2584 995 2610 an
1014 2568 1073 2624 ἠν
1083 2573 1149 2612 vel
1171 2572 1267 2610 tale.
1296 2567 1368 2609 sed
1390 2565 1612 2621 legendum
