1716 3016
690 140 766 181 IX.
825 144 890 184 63.
1427 136 1510 179 995

94 269 179 298 non
207 253 471 295 inveniendis
503 253 624 294 rebus
653 250 901 306 indagandis
934 256 1144 303 superest,
1170 246 1268 288 dum
1296 261 1371 288 uos
1401 248 1514 288 inte·

94 313 170 352 rim
188 320 381 366 putemus
404 310 585 348 Pollucis
604 308 737 361 ipsius
755 307 862 346 vitio
889 306 992 345 baec
1027 307 1133 344 male
1155 303 1208 344 'se
1238 303 1403 345 habete.
1439 305 1512 344 ille

96 367 315 415 nimirum,
345 379 437 405 cnm
470 363 583 403 hunc
604 364 780 402 Cratetis
810 361 980 416 legisset
1005 364 1169 407 locum,
1195 373 1332 413 neque
1361 359 1412 399 ad
1443 370 1514 400 to-

96 430 180 463 tam
210 420 457 462 attendisset
482 422 704 473 sequelam,
731 417 918 470 ἤμίεκιου
949 415 1112 455 censuit
1142 423 1238 455 octo
1255 416 1391 456 valere
1411 414 1512 454 obo-

98 478 178 518 los.
222 486 266 518 et
285 485 397 517 certe
413 475 486 515 hic
504 473 673 529 quidem
694 473 738 512 in
763 474 939 511 Cratetis
966 474 1063 511 loco
1084 470 1270 524 ἡμίεκτον
1285 479 1381 510 octo
1405 472 1516 510 valet

101 531 274 579 obolos,
302 530 374 572 sed
392 530 536 572 eodem
557 529 647 570 iure
672 527 833 578 decem,
857 526 1010 582 viginti
1035 540 1108 566 sex
1135 534 1346 578 septemve
1366 525 1516 566 obolos

101 586 209 628 idem
227 586 416 642 designet
433 599 599 626 nomeu.
635 583 796 638 patebit
815 583 918 623 hoc:
952 581 1095 620 Crates
1115 580 1255 621 isthoc
1273 583 1369 621 loco
1388 595 1517 635 quen-

102 642 193 683 dam
211 642 386 682 induxit
409 640 460 681 ab
481 640 564 680 alio
588 637 884 679 commodatam
905 637 1180 690 accipientem
1200 635 1404 690 quandam
1426 636 1518 676 auri

104 708 283 753 partem:
313 699 415 737 alter
440 698 533 746 ille,
574 695 647 749 qui
677 703 915 747 acceperat,
949 691 1235 732 duodecimam
1263 692 1400 731 mutui
1428 691 1519 731 auri

102 763 258 809 partem
291 751 441 793 reddit.
479 750 675 791 vertenda
710 749 840 804 igitur
881 749 1057 788 Cratetis
1096 747 1242 789 vet-bae
1300 749 1520 787 semines-ta

105 809 215 861 (auri
231 806 385 862 mutui)
411 820 509 860 para
533 815 614 857 est,
649 805 941 857 intelliginne?
981 812 1069 843 octo
1088 801 1206 847 oboli.
1244 801 1361 855 baec,
1399 812 1520 858 puto,

107 872 206 904 sunt
225 867 350 913 clara,
378 875 456 902 nec
474 864 602 900 multa
625 860 978 900 demonstratione
1001 858 1207 914 indigent.

213 918 265 970 ἦν
287 920 330 961 δὲ
359 919 428 961 καὶ
456 914 692 971 τριώβολον,
728 916 841 968 etc.]
883 916 953 956 De
987 914 1172 956 triobolo
1211 912 1298 955 vid.
1343 915 1527 954 Hostum

109 973 183 1017 lib.
201 974 284 1014 111.
311 972 393 1012 Rei
411 971 578 1012 Nurum.
603 985 639 1012 c.
665 972 706 1012 4.
735 985 779 1015 n.
806 970 874 1012 54.
904 979 946 1011 et
966 968 1017 1009 de
1035 968 1208 1010 diobolo
1227 968 1380 1011 ibidem
1399 983 1439 1012 n.
1456 969 1524 1013 46,

112 1028 188 1068 ubi
220 1031 326 1069 male
356 1023 558 1081 δυόβολον
591 1025 741 1068 babet.
788 1038 882 1064 nam
912 1024 1100 1079 quamvis
1130 1026 1319 1064 Pollucis
1346 1024 1527 1066 Codices

116 1085 298 1134 varient,
326 1081 438 1122 utin
457 1082 525 1122 his
545 1083 674 1130 solet,
708 1094 803 1120 vera
838 1090 976 1120 tamen
1004 1080 1210 1133 scriptura
1239 1078 1426 1134 διῶβολου
1448 1091 1526 1127 est,

114 1149 162 1180 ut
188 1138 311 1180 etiam
333 1139 431 1180 MS.
458 1147 600 1177 noster
626 1137 713 1176 fere
743 1135 825 1177 hic.
857 1146 1041 1175 caeterae
1069 1135 1321 1188 scripturae,
1360 1146 1410 1176 ut
1430 1151 1528 1176 mox

117 1196 207 1238 MS.
225 1191 422 1261 dadfolov,
451 1191 662 1247 imperitia
685 1191 947 1230 librariorum
968 1190 1140 1230 fuerunt
1161 1191 1361 1232 invectae.
1399 1192 1529 1233 Iunc.

221 1249 438 1304 διωβολον]
470 1248 518 1288 Ο.
546 1247 596 1289 V.
621 1245 812 1300 διάβολον.
868 1246 1047 1285 Κυειω.

222 1357 538 1413 ἐντετυπωμένην
563 1356 681 1414 ἔχον]
725 1356 867 1397 Habet
897 1356 988 1398 MS.
1025 1354 1173 1397 ordine
1204 1354 1393 1408 diverso,
1441 1356 1536 1415 ἕχον

116 1414 440 1470 ἔπειυπωμένην.
496 1415 624 1457 Imm.

223 1470 534 1526 ἐπειυπωμένην
563 1468 649 1523 ἕχον
683 1465 884 1523 γλαῦκαν]
939 1465 1005 1506 Ad
1035 1465 1150 1505 huuc
1179 1465 1363 1507 Pollucis
1401 1471 1536 1511 nostri

121 1529 259 1568 locum
285 1527 447 1566 adludit
477 1526 634 1566 Sardus
661 1524 711 1564 de
740 1525 794 1563 R.
816 1523 986 1563 Numm.
1017 1537 1058 1575 p.
1092 1533 1154 1562 ιο.
1184 1521 1379 1578 (Pollux)
1400 1529 1538 1564 nomi-

122 1592 196 1622 nat
214 1583 472 1622 semiobolum
496 1595 542 1620 ex
561 1579 601 1622 4.
635 1581 823 1619 Chalcis.-
852 1586 890 1616 et
909 1593 937 1616 a
966 1590 1128 1616 numero
1148 1579 1315 1617 Atticos·
1338 1594 1534 1627 nummos,

122 1637 337 1687 diabolum,
367 1637 596 1683 triobolum,
625 1635 876 1685 atrabatem,
894 1636 964 1686 qui
982 1633 1233 1684 insculptam
1249 1633 1539 1676 liaberetlovis

109 1691 273 1748 faciem
296 1696 340 1732 in
354 1695 486 1732 altera
504 1699 645 1744 parte,
676 1693 724 1730 in
744 1691 878 1729 altera
897 1689 1003 1727 duas
1022 1697 1216 1739 noctuas,
1243 1691 1353 1728 sicut
1376 1691 1542 1732 trioboli

124 1756 223 1787 nota
229 1749 324 1800 suit
340 1748 452 1788 Iovis
460 1747 601 1800 facies
621 1750 666 1786 in
686 1755 863 1799 utraque
878 1752 1020 1796 parte,
1049 1744 1206 1782 dioboli
1223 1752 1357 1783 autem
1373 1755 1540 1789 noctua.

124 1804 300 1843 Suettius
321 1802 371 1844 de
400 1805 451 1844 R.
480 1802 536 1843 N.
566 1817 661 1857 pag.
690 1801 758 1844 56.
815 1800 1058 1850 Diobolum,
1089 1799 1189 1838 duos
1217 1800 1359 1838 valens
1392 1802 1542 1853 obolon,

126 1859 221 1898 hinc
247 1857 413 1909 Plauto,
451 1872 553 1898 auus
578 1857 831 1898 diobolaris:
859 1857 1052 1896 Atticum
1080 1856 1285 1893 numisma
1308 1853 1420 1908 fuit,
1453 1857 1544 1912 ἔχων

123 1915 298 1968 γλαῦκα
327 1914 643 1968 ἐντετυπωμένην
672 1914 790 1969 (cum
822 1912 926 1964 ipsis
948 1908 1243 1950 sordidissimis
1266 1910 1384 1950 vitiis
1405 1914 1544 1953 locum

126 1970 440 2024 transscriptum
462 1969 598 2022 vides)
629 1977 808 2008 noctuae
837 1968 972 2018 effigie
996 1968 1231 2017 signatum.-
1262 1975 1303 2004 et
1328 1967 1428 2006 hinc
1441 1984 1546 2020 pro-

129 2025 307 2065 urbium
336 2034 503 2064 natum.-
529 2025 720 2064 Noctuas
737 2023 947 2070 Athenas,
978 2030 1177 2073 tanquam
1198 2024 1236 2059 si
1251 2030 1418 2073 guttam
1438 2026 1547 2062 mari

129 2081 348 2120 adiicerea:
391 2083 467 2119 illa
496 2082 604 2119 enim
637 2080 730 2118 urbs
756 2079 832 2117 hoc
860 2091 1024 2116 nummo
1050 2090 1174 2127 quam
1210 2080 1385 2115 maxime
1409 2080 1548 2117 abun-

130 2136 266 2178 dabat.
295 2137 361 2176 Ex
385 2145 554 2189 argento
556 2136 695 2187 fuisse
707 2132 955 2175 Plutarchus
973 2135 1017 2170 in
1036 2130 1258 2183 Lysandro
1281 2135 1388 2170 satis
1410 2144 1548 2185 aperte

132 2191 313 2231 indicare
331 2192 514 2230 videtur.-
545 2191 666 2243 idque
695 2190 742 2228 de
768 2188 936 2228 triobolo
960 2195 999 2226 et
1025 2187 1211 2225 tetrobolo
1237 2200 1393 2239 quoque
1408 2203 1550 2229 verum

132 2247 384 2290 crediderim.
431 2247 483 2285 de
516 2245 730 2299 proverbii
760 2245 922 2298 origine
952 2237 1097 2297 γλαῦκ’
1122 2239 1403 2291 εἰς’Λθήνας,
1445 2259 1550 2299 quae

135 2302 218 2354 ipsi
238 2317 337 2340 cum
367 2301 556 2355 pluribus
589 2301 683 2340 aliis
715 2309 775 2339 est
810 2298 1066 2345 communis,
1112 2297 1208 2336 lites
1237 2310 1322 2336 non
1351 2300 1551 2348 movebog

136 2355 207 2396 sed
233 2367 365 2396 cetera
393 2371 729 2409 percenseamus:
773 2355 1029 2406 Triobolum‚
1058 2352 1218 2405 inquit,
1250 2353 1360 2403 quod
1389 2362 1428 2392 et
1453 2354 1554 2407 ἤμι-

133 2409 347 2465 ’δράχμιον
378 2411 531 2451 dixisse
561 2411 736 2451 debebat
763 2410 1034 2463 ἤμίδραχμον,
1076 2416 1123 2444 ut
1152 2420 1273 2459 supra
1306 2407 1550 2458 doeuimus;

138 2466 374 2521 ibidemque
415 2466 465 2507 de
499 2465 643 2506 eodem
681 2479 875 2506 nummo.-
911 2464 1052 2503 Habet
1084 2465 1274 2513 utrinque
1301 2465 1554 2517 insculptam

141 2522 306 2573 effigiem
333 2523 463 2564 Iovis.
514 2521 565 2561 de
594 2521 802 2561 teti-obolo
830 2520 963 2559 idem:
1003 2516 1277 2563 Tetrobolum,
1309 2520 1418 2558 oholi
1445 2535 1556 2573 qua.-

139 2583 248 2629 tuor,
273 2578 490 2616 drachmae
506 2578 585 2618 bec.
642 2578 790 2618 Altera
812 2583 936 2629 parte
963 2572 1081 2613 Iovis
1107 2573 1254 2627 effigie,
1285 2576 1421 2614 altera
1447 2577 1557 2614 dua-
