1690 2996
172 117 276 159 1580
797 117 850 158 X.
907 122 973 163 92.

171 227 271 279 κτῆν
285 223 855 282 σχοῖνον.1εὲ.όψωνιοδᾶκον
873 228 1048 281 nituerit
1062 232 1251 285 σχοίνων,
1278 235 1509 285 sportulam
1526 236 1601 276 ob*

170 288 395 324 saniorum.
391 297 608 335 wcapacem
639 299 689 323 ex
708 287 843 326 iuncis·
854 287 1027 338 plexum.
1085 287 1262 328 limam«.

280 343 350 381 καὶ
379 342 552 395 σπυρίδα
582 342 626 382 δὲ
649 339 787 397 σ’ψῶν]
825 342 917 381 MS·
955 345 1024 384 καὶ
1047 346 1225 412 σπυρίδα
1254 347 1298 386 δέ
1324 342 1600 401 σ’ψωναδὸκων

171 393 343 445 πλεκτήν
365 398 521 449 σχοῖνον
545 399 587 440 ἔν
606 396 846 451 ἩΑμφιαρέῳ
857 394 1146 452 Ἀριστοφάνης
1171 399 1248 452 ἔφη
1267 403 1324 443 ἐν.
1382 401 1502 456 Quae
1519 403 1599 441 viri

173 452 287 492 docti
306 451 584 492 extricabant.
643 453 751 493 Sane
767 452 873 492 mihi
894 455 1066 494 omnino
1088 455 1315 520 persuadeo
1333 459 1475 496 vefum
1497 470 1599 509 esse,
1615 470 1624 476 ·

173 506 302 562 quod
317 507 484 546 Seberus
509 517 651 548 noster
676 506 859 549 coniecit
891 513 1060 579 σπυρίδα
1071 507 1226 577 ὀψῶνα
1252 512 1330 550 hio
1361 514 1532 559 latere,
1543 528 1599 554 ex

171 564 375 615 Hesyohio
396 562 628 613 adducens,
645 562 798 619 Ὀψων,
828 564 855 615 η’
872 565 973 621 πρός
993 565 1042 609 τό
1060 562 1235 632 ὀψωνεῖν
1254 570 1420 623 σπιρίς·
1444 578 1487 609 et
1510 571 1600 608 vul-

173 629 312 674 gatum
341 616 514 670 πλεκτην
547 622 716 675 σχοίνων
745 631 853 661 esset
884 621 1052 672 πλεκτήν
1068 621 1135 664 δια
1156 625 1267 662 vel’
1246 641 1299 666 εκ
1307 627 1486 677 σχοίνων.
1526 623 1599 664 sed

173 675 276 728 quid
305 671 435 717 δόκων
469 676 641 726 faciam,
672 691 757 715 non
789 677 936 730 liquet.
976 678 1077 717 licet
1106 679 1235 727 enim,
1273 679 1384 732 quod
1410 679 1599 725 obvium,

173 733 215 769 in
240 735 367 772 δοκῶν
393 741 569 779 vertam,
591 741 728 772 tamen
753 733 859 770 mihi
887 748 973 772 non
1000 733 1101 772 satis
1122 733 1180 772 fit.
1238 734 1351 774 Sed·
1340 749 1383 773 ιιι
1406 735 1600 788 sequenti

172 787 382 826 feliciores
399 786 566 828 erimus.
600 787 675 825 ubi
703 801 787 826 non
821 785 982 834 mirum,
1017 788 1130 842 quod
1147 799 1234 842 opt.
1267 791 1427 830 amicus
1457 800 1600 830 noster

171 842 325 891 haeret,
356 841 515 881 Codice
534 845 707 908 vulgato
737 841 913 884 vitioso
971 844 1098 883 Iuno.
1404 867 1406 870 >

279 899 349 940 κιὶ
370 899 545 950 σπυρίδα
577 901 620 940 δὲ
643 896 785 953 όψῶν]
825 899 920 938 Non
944 899 1036 940 sine
1061 900 1226 940 ratione
1253 901 1444 953 profecto
1463 900 1603 942 haesit

170 954 214 993 in
232 954 315 992 hoc
334 957 435 993 loco
453 953 719 992 doctissimus
737 952 1086 1006 hager-mannus,
1116 969 1254 1020 neque
1282 969 1380 996 nos
1396 956 1513 996 illum
1535 957 1602 995 fa·-

171 1010 251 1049 cile
283 1009 478 1048 novimus
512 1009 727 1061 expedire.
773 1009 869 1049 ideo
913 1024 1012 1050 vero
1054 1011 1280 1064 praecipue
1302 1025 1391 1052 esse
1416 1014 1601 1064 allatum,

169 1075 218 1104 ut
237 1065 282 1103 in
299 1078 349 1104 eo
372 1066 546 1118 σπυρίδα
563 1065 713 1104 Pollus-
733 1065 987 1116 ostenderet,
1017 1081 1072 1106 ex
1091 1066 1194 1114 istis,
1220 1080 1331 1120 quae
1351 1076 1605 1120 sequuntur,-

166 1123 208 1163 ἓν
236 1123 277 1162 δὲ
294 1119 527 1174 Ἀχαρνεῦσι
547 1123 768 1175 σπυρίδιον,
797 1121 937 1160 lucide
956 1131 1087 1175 patet,
1118 1133 1166 1161 ut
1190 1122 1290 1161 inde
1315 1121 1504 1162 difficile
1512 1135 1598 1161 non

167 1177 224 1215 sit
244 1175 458 1231 colligere,
488 1177 662 1230 reliqua,
695 1191 801 1229 quae
822 1187 921 1230 post
939 1180 1120 1244 σπυρίδα
1130 1178 1322 1232 legimns,
1338 1178 1599 1229 Aristopha-

166 1235 234 1271 nis
253 1232 388 1284 ipsius
403 1245 502 1272 esse.
533 1233 658 1271 simul
687 1232 789 1272 hinc
814 1236 967 1272 clarum
988 1243 1069 1283 est,
1095 1232 1280 1286 ὁψωνα,
1290 1242 1420 1287 quem
1433 1233 1600 1274 saherus

166 1288 238 1327 hic
268 1290 396 1328 latere
426 1288 716 1339 existimabat,
744 1287 925 1328 alienum
961 1303 1050 1328 esse
1076 1303 1100 1328 a
1122 1292 1234 1329 loco.
1268 1301 1357 1329 non
1376 1289 1486 1330 enim
1506 1289 1599 1342 q'uis

166 1354 319 1383 temere
347 1343 526 1393 diceret,
563 1347 709 1398 σπυρῖς
736 1340 1203 1411 0’1pmu.Conieetabam
1233 1343 1474 1399 aliquando
1490 1361 1599 1387 σπυ-

166 1401 256 1454 ρίδα
284 1400 327 1440 δὲ
359 1397 474 1452 ὄψῶν
497 1395 671 1447 αδίκων,
704 1397 876 1452 πλεκτην
908 1401 1083 1453 σχοῖνον,
1114 1403 1182 1440 vel
1212 1402 1405 1454 σχοίνων·
1436 1400 1596 1440 nemini

165 1465 303 1494 tamen
317 1453 429 1492 illam
450 1455 674 1494 lectionem
695 1464 890 1523 tanquam
909 1469 1044 1495 veram
1067 1417 1288 1495 obtrudere
1305 1455 1443 1495 velim.
1460 1456 1596 1494 Kuelz-

165 1513 258 1550 nius
281 1509 325 1547 in
355 1519 474 1549 textu
502 1507 796 1565 ὀψωνιοδόκον,
827 1509 996 1560 πλεκτην
1011 1514 1199 1566 σχοίνων·
1230 1505 1335 1565 ego,
1365 1525 1458 1550 cum
1485 1510 1597 1550 nihil

163 1565 336 1604 habeam
356 1565 522 1616 melius,
551 1576 593 1606 et
610 1566 721 1620 quod
751 1565 802 1605 ad
823 1567 1048 1606 lectionem
1071 1566 1192 1607 MSS.
1221 1566 1390 1606 accedat
1408 1566 1596 1633 propius,

164 1623 226 1660 sic
247 1621 292 1659 in
325 1629 444 1660 textu
470 1621 757 1675 reponendum
780 1619 990 1673 iudicavi,
1021 1622 1107 1662 nisi
1134 1622 1248 1676 quod
1275 1620 1424 1672 ultum
1444 1625 1597 1676 σχοῖνος

165 1680 237 1718 vel
266 1674 431 1726 πλεκτην
462 1680 614 1731 σχοῖνον
642 1691 665 1716 e
690 1677 806 1719 MSS.
837 1654 1063 1718 retinuisse
1096 1681 1335 1718 consultum
1361 1677 1595 1724 videbatur,

162 1733 224 1772 sic
259 1732 371 1772 enim
410 1741 454 1772 et
480 1734 846 1785 Falckenburgius.
889 1747 1026 1787 neque
1053 1732 1097 1773 id
1128 1748 1202 1773 sua
1235 1742 1347 1773 caret
1375 1733 1597 1789 elegantia,

163 1787 275 1842 quod
306 1790 449 1842 σπυρῖς
479 1788 643 1828 dicatur
667 1787 816 1839 πλεκτη
838 1790 1015 1842 σχοῖνος,
1049 1803 1284 1844 quanquam
1306 1803 1382 1829 nec
1399 1803 1477 1843 ego
1498 1792 1596 1829 vul-

161 1854 297 1899 garam
318 1845 590 1897 scripturam,
620 1859 726 1900 quae
752 1844 929 1883 forsitan
962 1859 1093 1909 aeque
1124 1844 1371 1899 quibusdam
1399 1844 1595 1898 placebit,

160 1911 315 1939 temere
350 1900 548 1943 reiecero.
594 1914 681 1939 non
718 1897 914 1939 dissimili
956 1911 1121 1940 retrone
1151 1901 1448 1940 Archestratu·
1478 1900 1595 1952 apud

160 1956 310 1995 Athen.
347 1954 443 1994 libr.
469 1956 570 1997 VII.
620 1954 764 1994 fiscum
802 1965 925 1994 vocat
947 1979 1004 1987 —
1030 1955 1200 1999 πλεκτόν
1229 1957 1406 2022 ὕφασμα
1422 1958 1595 2024 Σχοίνου
1666 1975 1668 1978 v

160 2007 412 2066 ἑλειοτρόφου
438 2023 513 2042 —·
549 2024 625 2065 pro
656 2007 928 2064 ὀψωνιοδόκον
956 2014 1117 2052 mallem
1150 2011 1343 2066 equidem
1382 2006 1593 2078 ὁψοδᾶκον,

161 2067 197 2106 εἰ
225 2082 300 2122 per
325 2066 447 2107 MSS.
475 2067 634 2108 liceret.
673 2065 870 2105 dubitant
905 2065 1014 2106 enim
1048 2067 1318 2108 Grammatiei
1349 2066 1400 2108 de
1430 2064 1594 2136 ἅψωνίῳ

161 2137 212 2162 an
235 2137 320 2162 vox
350 2122 422 2161 illa
452 2137 548 2162 vere
579 2121 637 2162 sit
656 2121 813 2160 Attica.
873 2122 1004 2163 Porro
1030 2124 1151 2164 MSS.
1184 2121 1483 2187 Λριστοφᾶνης
1513 2122 1591 2176 ἔφη

159 2191 238 2232 pro
268 2181 436 2230 ειᾛρηκεν
473 2177 544 2218 sed
573 2180 615 2221 ἐν
642 2171 885 2231 Αμφιαραῳ
915 2178 1083 2232 saepius
1114 2193 1137 2217 a
1163 2187 1307 2218 nostro
1341 2178 1506 2218 citatur.
1544 2179 1590 2217 in

160 2234 300 2274 ΡΙιοιίι·
326 2235 477 2273 Lexieo
505 2233 659 2275 vitiose
687 2232 889 2286 scriptum
915 2247 967 2274 ex
994 2233 1142 2273 Indice
1173 2231 1459 2274 animadverto
1484 2229 1592 2289 ’.Αμ-

194 2309 217 2331 α
245 2308 269 2331 α
712 2310 716 2316 ’

161 2306 190 2343 φ
219 2307 243 2344 (²
270 2307 316 2388 Ζ,
312 2347 382 2386 και
399 2349 470 2386 nl.
501 2346 572 2401 εἲρ.
601 2340 711 2397 παρὰ
738 2343 941 2398 τραγῳδῷ.
956 2344 976 2396 ]
1017 2342 1106 2395 An,
1136 2341 1284 2395 πλεκτῆ
1299 2343 1487 2399 denras?
1517 2354 1592 2386 aut

160 2400 272 2455 apud
274 2415 410 2474 “quem
429 2399 701 2468 Tragoedum
710 2400 1028 2463 Aristophanes.
1021 2399 1041 2429 ἶ)
1094 2377 1191 2439 ’Sum

269 2456 294 2498 ὂ
308 2459 377 2498 καὶ
395 2461 460 2497 πλ
490 2459 562 2509 εἴρ.
591 2471 700 2507 παρα
720 2452 950 2511 τραγῳδῳ.]
982 2455 1026 2496 C.
1049 2457 1098 2495 V.
1127 2453 1458 2510 παρατραγῳδοῖν.
1484 2455 1591 2494 scri-

156 2511 353 2558 bendum,
381 2514 720 2568 παρατραγῳδῶν,
743 2512 1397 2563 paratragoediatas.1{mffln.

265 2567 288 2610 ὃ
317 2569 386 2610 καὶ
414 2575 477 2613 πλ.
516 2572 589 2626 tri-9
627 2585 738 2622 παρα
773 2565 1002 2623 τραγῳδῷ.]
1050 2569 1139 2608 MS.
1178 2578 1322 2609 noster
1350 2567 1431 2609 ita·
1475 2569 1518 2610 ἐν
1547 2569 1588 2610 δὲ
1656 2598 1659 2599 ⁷
