<?xml version="1.0" encoding="UTF-8"?>
<!DOCTYPE html PUBLIC "-//W3C//DTD XHTML 1.0 Transitional//EN"
    "http://www.w3.org/TR/xhtml1/DTD/xhtml1-transitional.dtd">
<html xmlns="http://www.w3.org/1999/xhtml" xml:lang="en" lang="en">
 <head>
  <title>
</title>
<meta http-equiv="Content-Type" content="text/html;charset=utf-8" />
  <meta name='ocr-system' content='tesseract 3.04.00' />
  <meta name='ocr-capabilities' content='ocr_page ocr_carea ocr_par ocr_line ocrx_word'/>
</head>
<body>
  <div class='ocr_page' id='page_1' title='image "./p2onomastic05polluoft_1081.png"; bbox 0 0 1630 2976; ppageno 0'>
   <div class='ocr_carea' id='block_1_1' title="bbox 411 170 1491 223">
    <p class='ocr_par' dir='ltr' id='par_1_1' title="bbox 411 170 1491 223">
     <span class='ocr_line' id='line_1_1' title="bbox 411 170 1491 223; baseline 0.006 -12"><span class='ocrx_word' id='word_1_1' title='bbox 411 170 764 212; x_wconf 83' lang='lat' dir='ltr'><strong>BENTLEII</strong></span> <span class='ocrx_word' id='word_1_2' title='bbox 794 171 1212 214; x_wconf 83' lang='lat' dir='ltr'><strong>EPISTOLAE.</strong></span> <span class='ocrx_word' id='word_1_3' title='bbox 1375 177 1491 223; x_wconf 56' lang='lat'><strong>‚1931</strong></span> 
     </span>
    </p>
   </div>
   <div class='ocr_carea' id='block_1_2' title="bbox 98 278 1538 2673">
    <p class='ocr_par' dir='ltr' id='par_1_2' title="bbox 98 278 1538 2673">
     <span class='ocr_line' id='line_1_2' title="bbox 125 278 1491 338; baseline 0.001 -14"><span class='ocrx_word' id='word_1_4' title='bbox 125 283 223 327; x_wconf 78' lang='grc' dir='ltr'><strong><em>ὅταν</em></strong></span> <span class='ocrx_word' id='word_1_5' title='bbox 239 285 346 327; x_wconf 73' lang='grc' dir='ltr'><strong><em>εἴποι</em></strong></span> <span class='ocrx_word' id='word_1_6' title='bbox 364 279 661 338; x_wconf 70' lang='grc' dir='ltr'>Ἀριστοφάνης</span> <span class='ocrx_word' id='word_1_7' title='bbox 672 292 751 323; x_wconf 86' lang='lat' dir='ltr'>ete.</span> <span class='ocrx_word' id='word_1_8' title='bbox 782 284 851 323; x_wconf 83' lang='lat' dir='ltr'>Ex</span> <span class='ocrx_word' id='word_1_9' title='bbox 869 283 1032 322; x_wconf 81' lang='lat' dir='ltr'>ultimis</span> <span class='ocrx_word' id='word_1_10' title='bbox 1051 282 1191 323; x_wconf 79' lang='lat' dir='ltr'>verbis</span> <span class='ocrx_word' id='word_1_11' title='bbox 1209 278 1382 335; x_wconf 77' lang='grc' dir='ltr'><strong><em>νόμισμα</em></strong></span> <span class='ocrx_word' id='word_1_12' title='bbox 1399 300 1491 327; x_wconf 80' lang='grc' dir='ltr'><strong><em>στα·</em></strong></span> 
     </span>
     <span class='ocr_line' id='line_1_3' title="bbox 127 338 1490 396; baseline -0.001 -15"><span class='ocrx_word' id='word_1_13' title='bbox 127 339 201 396; x_wconf 74' lang='grc' dir='ltr'><strong><em>τνῐρ</em></strong></span> <span class='ocrx_word' id='word_1_14' title='bbox 219 343 316 380; x_wconf 74' lang='lat' dir='ltr'>luce</span> <span class='ocrx_word' id='word_1_15' title='bbox 337 340 430 393; x_wconf 81' lang='lat' dir='ltr'>ipsa</span> <span class='ocrx_word' id='word_1_16' title='bbox 454 341 606 379; x_wconf 82' lang='lat' dir='ltr'>elarius</span> <span class='ocrx_word' id='word_1_17' title='bbox 628 348 713 389; x_wconf 87' lang='lat' dir='ltr'>est,</span> <span class='ocrx_word' id='word_1_18' title='bbox 743 353 869 392; x_wconf 83' lang='lat' dir='ltr'>supra</span> <span class='ocrx_word' id='word_1_19' title='bbox 890 352 975 378; x_wconf 86' lang='lat' dir='ltr'>non</span> <span class='ocrx_word' id='word_1_20' title='bbox 997 349 1135 378; x_wconf 85' lang='lat' dir='ltr'>actum</span> <span class='ocrx_word' id='word_1_21' title='bbox 1157 352 1245 379; x_wconf 84' lang='lat' dir='ltr'>esse</span> <span class='ocrx_word' id='word_1_22' title='bbox 1266 338 1317 378; x_wconf 89' lang='lat' dir='ltr'>de</span> <span class='ocrx_word' id='word_1_23' title='bbox 1335 349 1490 380; x_wconf 75' lang='lat' dir='ltr'>statere</span> 
     </span>
     <span class='ocr_line' id='line_1_4' title="bbox 129 394 1490 448; baseline -0.001 -13"><span class='ocrx_word' id='word_1_24' title='bbox 129 410 292 435; x_wconf 78' lang='lat' dir='ltr'>nummo</span> <span class='ocrx_word' id='word_1_25' title='bbox 304 395 376 434; x_wconf 77' lang='lat' dir='ltr'>sed</span> <span class='ocrx_word' id='word_1_26' title='bbox 393 395 585 448; x_wconf 68' lang='lat' dir='ltr'>pondere,</span> <span class='ocrx_word' id='word_1_27' title='bbox 608 408 746 447; x_wconf 87' lang='lat' dir='ltr'>neque</span> <span class='ocrx_word' id='word_1_28' title='bbox 762 397 902 434; x_wconf 76' lang='lat' dir='ltr'>locum</span> <span class='ocrx_word' id='word_1_29' title='bbox 924 394 984 432; x_wconf 88' lang='lat' dir='ltr'>ibi</span> <span class='ocrx_word' id='word_1_30' title='bbox 1004 394 1156 433; x_wconf 87' lang='lat' dir='ltr'>babere</span> <span class='ocrx_word' id='word_1_31' title='bbox 1171 395 1343 447; x_wconf 74' lang='grc' dir='ltr'><strong><em>χρυσοῦς</em></strong></span> <span class='ocrx_word' id='word_1_32' title='bbox 1355 395 1490 448; x_wconf 79' lang='lat' dir='ltr'>(q‘uod</span> 
     </span>
     <span class='ocr_line' id='line_1_5' title="bbox 129 448 1490 503; baseline -0.001 -12"><span class='ocrx_word' id='word_1_33' title='bbox 129 451 182 491; x_wconf 87' lang='lat' dir='ltr'>de</span> <span class='ocrx_word' id='word_1_34' title='bbox 201 453 292 490; x_wconf 80' lang='lat' dir='ltr'>solo</span> <span class='ocrx_word' id='word_1_35' title='bbox 312 465 475 489; x_wconf 81' lang='lat' dir='ltr'>nummo</span> <span class='ocrx_word' id='word_1_36' title='bbox 496 449 674 500; x_wconf 84' lang='lat' dir='ltr'>dicitur)</span> <span class='ocrx_word' id='word_1_37' title='bbox 704 448 776 489; x_wconf 88' lang='lat' dir='ltr'>sed</span> <span class='ocrx_word' id='word_1_38' title='bbox 792 449 1083 503; x_wconf 84' lang='lat' dir='ltr'>corrigendum</span> <span class='ocrx_word' id='word_1_39' title='bbox 1104 449 1298 503; x_wconf 78' lang='grc' dir='ltr'><strong><em>σταθμός.</em></strong></span> <span class='ocrx_word' id='word_1_40' title='bbox 1327 451 1490 503; x_wconf 87' lang='lat' dir='ltr'>Nempe</span> 
     </span>
     <span class='ocr_line' id='line_1_6' title="bbox 129 505 1487 558; baseline 0.001 -14"><span class='ocrx_word' id='word_1_41' title='bbox 129 506 392 545; x_wconf 85' lang='lat' dir='ltr'>notissimum</span> <span class='ocrx_word' id='word_1_42' title='bbox 417 515 499 557; x_wconf 84' lang='lat' dir='ltr'>est,</span> <span class='ocrx_word' id='word_1_43' title='bbox 529 519 720 544; x_wconf 80' lang='lat' dir='ltr'>nummos</span> <span class='ocrx_word' id='word_1_44' title='bbox 755 514 797 544; x_wconf 86' lang='lat' dir='ltr'>et</span> <span class='ocrx_word' id='word_1_45' title='bbox 824 505 1094 558; x_wconf 79' lang='lat' dir='ltr'>pecuniarum</span> <span class='ocrx_word' id='word_1_46' title='bbox 1117 519 1295 545; x_wconf 83' lang='lat' dir='ltr'>summas</span> <span class='ocrx_word' id='word_1_47' title='bbox 1314 506 1487 546; x_wconf 78' lang='lat' dir='ltr'>nomina</span> 
     </span>
     <span class='ocr_line' id='line_1_7' title="bbox 127 559 1486 614; baseline -0.001 -13"><span class='ocrx_word' id='word_1_48' title='bbox 127 574 203 601; x_wconf 78' lang='lat' dir='ltr'>sua</span> <span class='ocrx_word' id='word_1_49' title='bbox 234 561 334 600; x_wconf 87' lang='lat' dir='ltr'>olim</span> <span class='ocrx_word' id='word_1_50' title='bbox 366 575 388 600; x_wconf 88' lang='lat' dir='ltr'>a</span> <span class='ocrx_word' id='word_1_51' title='bbox 416 560 676 614; x_wconf 78' lang='lat' dir='ltr'>ponderibus</span> <span class='ocrx_word' id='word_1_52' title='bbox 707 560 941 612; x_wconf 78' lang='lat' dir='ltr'>accepisse3</span> <span class='ocrx_word' id='word_1_53' title='bbox 982 559 1082 600; x_wconf 89' lang='lat' dir='ltr'>inde</span> <span class='ocrx_word' id='word_1_54' title='bbox 1102 560 1211 600; x_wconf 87' lang='lat' dir='ltr'>idem</span> <span class='ocrx_word' id='word_1_55' title='bbox 1234 561 1486 600; x_wconf 84' lang='lat' dir='ltr'>vocabulum</span> 
     </span>
     <span class='ocr_line' id='line_1_8' title="bbox 128 614 1486 670; baseline 0.001 -15"><span class='ocrx_word' id='word_1_56' title='bbox 128 625 172 656; x_wconf 88' lang='lat' dir='ltr'>et</span> <span class='ocrx_word' id='word_1_57' title='bbox 206 615 251 655; x_wconf 90' lang='lat' dir='ltr'>in</span> <span class='ocrx_word' id='word_1_58' title='bbox 283 615 545 670; x_wconf 72' lang='lat' dir='ltr'>ponderibus</span> <span class='ocrx_word' id='word_1_59' title='bbox 579 627 622 655; x_wconf 89' lang='lat' dir='ltr'>et</span> <span class='ocrx_word' id='word_1_60' title='bbox 651 616 696 655; x_wconf 90' lang='lat' dir='ltr'>in</span> <span class='ocrx_word' id='word_1_61' title='bbox 738 615 917 654; x_wconf 85' lang='lat' dir='ltr'>nummis</span> <span class='ocrx_word' id='word_1_62' title='bbox 951 614 1128 655; x_wconf 85' lang='lat' dir='ltr'>eundem</span> <span class='ocrx_word' id='word_1_63' title='bbox 1156 618 1296 655; x_wconf 83' lang='lat' dir='ltr'>locum</span> <span class='ocrx_word' id='word_1_64' title='bbox 1324 616 1486 664; x_wconf 77' lang='lat' dir='ltr'>habuit.</span> 
     </span>
     <span class='ocr_line' id='line_1_9' title="bbox 126 670 1486 726; baseline 0 -15"><span class='ocrx_word' id='word_1_65' title='bbox 126 673 279 712; x_wconf 74' lang='lat' dir='ltr'>Postea</span> <span class='ocrx_word' id='word_1_66' title='bbox 300 685 564 711; x_wconf 82' lang='lat' dir='ltr'>nummorum</span> <span class='ocrx_word' id='word_1_67' title='bbox 583 673 846 726; x_wconf 83' lang='lat' dir='ltr'>singulorum</span> <span class='ocrx_word' id='word_1_68' title='bbox 862 670 1047 723; x_wconf 87' lang='lat' dir='ltr'>pondere</span> <span class='ocrx_word' id='word_1_69' title='bbox 1067 681 1228 710; x_wconf 83' lang='lat' dir='ltr'>mutato</span> <span class='ocrx_word' id='word_1_70' title='bbox 1242 681 1282 710; x_wconf 89' lang='lat' dir='ltr'>et</span> <span class='ocrx_word' id='word_1_71' title='bbox 1295 671 1486 711; x_wconf 80' lang='lat' dir='ltr'>deminu-</span> 
     </span>
     <span class='ocr_line' id='line_1_10' title="bbox 127 725 1483 779; baseline -0.001 -12"><span class='ocrx_word' id='word_1_72' title='bbox 127 737 200 776; x_wconf 77' lang='lat' dir='ltr'>to,</span> <span class='ocrx_word' id='word_1_73' title='bbox 228 726 472 766; x_wconf 75' lang='lat' dir='ltr'>nominibus</span> <span class='ocrx_word' id='word_1_74' title='bbox 493 736 629 767; x_wconf 84' lang='lat' dir='ltr'>tamen</span> <span class='ocrx_word' id='word_1_75' title='bbox 661 728 712 779; x_wconf 87' lang='lat' dir='ltr'>(a</span> <span class='ocrx_word' id='word_1_76' title='bbox 731 726 918 779; x_wconf 86' lang='lat' dir='ltr'>pondere</span> <span class='ocrx_word' id='word_1_77' title='bbox 941 725 1105 776; x_wconf 81' lang='lat' dir='ltr'>ductis)</span> <span class='ocrx_word' id='word_1_78' title='bbox 1133 725 1272 766; x_wconf 80' lang='lat' dir='ltr'>adhue</span> <span class='ocrx_word' id='word_1_79' title='bbox 1291 727 1483 778; x_wconf 81' lang='lat' dir='ltr'>servatis,</span> 
     </span>
     <span class='ocr_line' id='line_1_11' title="bbox 128 780 1485 837; baseline 0.001 -16"><span class='ocrx_word' id='word_1_80' title='bbox 128 782 307 822; x_wconf 84' lang='lat' dir='ltr'>immane</span> <span class='ocrx_word' id='word_1_81' title='bbox 327 792 531 837; x_wconf 88' lang='lat' dir='ltr'>quantum</span> <span class='ocrx_word' id='word_1_82' title='bbox 553 781 830 835; x_wconf 75' lang='lat' dir='ltr'>discrepabat,</span> <span class='ocrx_word' id='word_1_83' title='bbox 850 781 900 820; x_wconf 89' lang='lat' dir='ltr'>de</span> <span class='ocrx_word' id='word_1_84' title='bbox 924 780 1197 834; x_wconf 71' lang='lat' dir='ltr'>ponderibus,</span> <span class='ocrx_word' id='word_1_85' title='bbox 1220 797 1273 820; x_wconf 89' lang='lat' dir='ltr'>an</span> <span class='ocrx_word' id='word_1_86' title='bbox 1297 782 1348 822; x_wconf 90' lang='lat' dir='ltr'>de</span> <span class='ocrx_word' id='word_1_87' title='bbox 1366 797 1485 822; x_wconf 84' lang='lat' dir='ltr'>num·</span> 
     </span>
     <span class='ocr_line' id='line_1_12' title="bbox 128 837 1485 892; baseline 0.001 -16"><span class='ocrx_word' id='word_1_88' title='bbox 128 838 207 877; x_wconf 80' lang='lat' dir='ltr'>mis</span> <span class='ocrx_word' id='word_1_89' title='bbox 225 841 494 892; x_wconf 84' lang='lat' dir='ltr'>loqueretur,</span> <span class='ocrx_word' id='word_1_90' title='bbox 523 838 597 892; x_wconf 89' lang='lat' dir='ltr'>qui</span> <span class='ocrx_word' id='word_1_91' title='bbox 618 837 823 878; x_wconf 85' lang='lat' dir='ltr'>vocabula</span> <span class='ocrx_word' id='word_1_92' title='bbox 844 837 915 876; x_wconf 85' lang='lat' dir='ltr'>illa</span> <span class='ocrx_word' id='word_1_93' title='bbox 938 847 1168 889; x_wconf 84' lang='lat' dir='ltr'>usurparet.</span> <span class='ocrx_word' id='word_1_94' title='bbox 1227 838 1344 886; x_wconf 82' lang='lat' dir='ltr'>Haeo</span> <span class='ocrx_word' id='word_1_95' title='bbox 1367 852 1485 877; x_wconf 84' lang='lat' dir='ltr'>com-</span> 
     </span>
     <span class='ocr_line' id='line_1_13' title="bbox 127 890 1487 948; baseline 0.001 -16"><span class='ocrx_word' id='word_1_96' title='bbox 127 902 244 946; x_wconf 80' lang='lat' dir='ltr'>perta</span> <span class='ocrx_word' id='word_1_97' title='bbox 266 902 380 946; x_wconf 83' lang='lat' dir='ltr'>suut,</span> <span class='ocrx_word' id='word_1_98' title='bbox 409 907 547 948; x_wconf 86' lang='lat' dir='ltr'>neque</span> <span class='ocrx_word' id='word_1_99' title='bbox 567 893 772 947; x_wconf 82' lang='lat' dir='ltr'>exemplis</span> <span class='ocrx_word' id='word_1_100' title='bbox 797 903 860 932; x_wconf 82' lang='lat' dir='ltr'>est</span> <span class='ocrx_word' id='word_1_101' title='bbox 888 906 1007 946; x_wconf 81' lang='lat' dir='ltr'>opus.</span> <span class='ocrx_word' id='word_1_102' title='bbox 1065 893 1189 946; x_wconf 71' lang='lat' dir='ltr'>Ergo</span> <span class='ocrx_word' id='word_1_103' title='bbox 1208 890 1487 946; x_wconf 69' lang='lat' dir='ltr'>opponuntur</span> 
     </span>
     <span class='ocr_line' id='line_1_14' title="bbox 129 946 1487 1003; baseline 0.003 -15"><span class='ocrx_word' id='word_1_104' title='bbox 129 948 201 988; x_wconf 85' lang='lat' dir='ltr'>bic</span> <span class='ocrx_word' id='word_1_105' title='bbox 222 948 406 1003; x_wconf 75' lang='grc' dir='ltr'><strong><em>σταθμός</em></strong></span> <span class='ocrx_word' id='word_1_106' title='bbox 431 958 475 989; x_wconf 85' lang='lat' dir='ltr'>et</span> <span class='ocrx_word' id='word_1_107' title='bbox 498 947 698 1002; x_wconf 79' lang='grc' dir='ltr'><strong><em>νόμισμα,</em></strong></span> <span class='ocrx_word' id='word_1_108' title='bbox 735 956 784 987; x_wconf 88' lang='lat' dir='ltr'>ut</span> <span class='ocrx_word' id='word_1_109' title='bbox 815 950 958 1001; x_wconf 87' lang='lat' dir='ltr'>paullo</span> <span class='ocrx_word' id='word_1_110' title='bbox 989 956 1110 988; x_wconf 85' lang='lat' dir='ltr'>ante:</span> <span class='ocrx_word' id='word_1_111' title='bbox 1137 946 1221 990; x_wconf 74' lang='grc' dir='ltr'>Ἠν</span> <span class='ocrx_word' id='word_1_112' title='bbox 1247 946 1295 992; x_wconf 66' lang='grc' dir='ltr'>δέ</span> <span class='ocrx_word' id='word_1_113' title='bbox 1322 951 1391 992; x_wconf 70' lang='grc' dir='ltr'>καὶ</span> <span class='ocrx_word' id='word_1_114' title='bbox 1405 949 1487 1003; x_wconf 65' lang='lat' dir='ltr'>prii</span> 
     </span>
     <span class='ocr_line' id='line_1_15' title="bbox 128 1001 1485 1057; baseline -0.004 -10"><span class='ocrx_word' id='word_1_115' title='bbox 128 1002 319 1057; x_wconf 71' lang='grc' dir='ltr'><strong><em>σταθμοῦ</em></strong></span> <span class='ocrx_word' id='word_1_116' title='bbox 335 1022 378 1048; x_wconf 80' lang='grc' dir='ltr'>τε</span> <span class='ocrx_word' id='word_1_117' title='bbox 400 1005 468 1047; x_wconf 72' lang='grc' dir='ltr'>καὶ</span> <span class='ocrx_word' id='word_1_118' title='bbox 485 1008 727 1057; x_wconf 80' lang='grc' dir='ltr'><strong><em>νομίσματος</em></strong></span> <span class='ocrx_word' id='word_1_119' title='bbox 753 1001 907 1056; x_wconf 68' lang='grc' dir='ltr'><strong><em>ὅνομας</em></strong></span> <span class='ocrx_word' id='word_1_120' title='bbox 944 1012 987 1044; x_wconf 88' lang='lat' dir='ltr'>et</span> <span class='ocrx_word' id='word_1_121' title='bbox 1001 1017 1125 1057; x_wconf 87' lang='lat' dir='ltr'>saepe</span> <span class='ocrx_word' id='word_1_122' title='bbox 1146 1004 1248 1043; x_wconf 87' lang='lat' dir='ltr'>alibi</span> <span class='ocrx_word' id='word_1_123' title='bbox 1265 1014 1349 1043; x_wconf 87' lang='lat' dir='ltr'>tam</span> <span class='ocrx_word' id='word_1_124' title='bbox 1371 1003 1485 1056; x_wconf 83' lang='lat' dir='ltr'>apud</span> 
     </span>
     <span class='ocr_line' id='line_1_16' title="bbox 128 1057 1485 1114; baseline 0.001 -15"><span class='ocrx_word' id='word_1_125' title='bbox 128 1059 257 1111; x_wconf 84' lang='lat' dir='ltr'>hunc,</span> <span class='ocrx_word' id='word_1_126' title='bbox 286 1074 409 1114; x_wconf 81' lang='lat' dir='ltr'>quam</span> <span class='ocrx_word' id='word_1_127' title='bbox 430 1059 542 1113; x_wconf 81' lang='lat' dir='ltr'>apud</span> <span class='ocrx_word' id='word_1_128' title='bbox 561 1059 681 1103; x_wconf 79' lang='lat' dir='ltr'>alios.</span> <span class='ocrx_word' id='word_1_129' title='bbox 739 1057 904 1112; x_wconf 75' lang='grc' dir='ltr'><strong><em>Στατήρ</em></strong></span> <span class='ocrx_word' id='word_1_130' title='bbox 922 1059 1078 1113; x_wconf 84' lang='lat' dir='ltr'>igitur,</span> <span class='ocrx_word' id='word_1_131' title='bbox 1113 1073 1206 1098; x_wconf 84' lang='lat' dir='ltr'>eum</span> <span class='ocrx_word' id='word_1_132' title='bbox 1224 1058 1276 1099; x_wconf 87' lang='lat' dir='ltr'>de</span> <span class='ocrx_word' id='word_1_133' title='bbox 1297 1059 1485 1114; x_wconf 86' lang='lat' dir='ltr'>pondere</span> 
     </span>
     <span class='ocr_line' id='line_1_17' title="bbox 130 1113 1486 1183; baseline 0.001 -29"><span class='ocrx_word' id='word_1_134' title='bbox 130 1115 302 1167; x_wconf 84' lang='lat' dir='ltr'>dieitur,</span> <span class='ocrx_word' id='word_1_135' title='bbox 329 1116 516 1166; x_wconf 69' lang='lat' dir='ltr'>valebat,</span> <span class='ocrx_word' id='word_1_136' title='bbox 543 1116 626 1167; x_wconf 87' lang='lat' dir='ltr'>ait,</span> <span class='ocrx_word' id='word_1_137' title='bbox 655 1115 761 1167; x_wconf 82' lang='grc' dir='ltr'>μνᾶν</span> <span class='ocrx_word' id='word_1_138' title='bbox 782 1118 952 1163; x_wconf 73' lang='lat' dir='ltr'>minam,</span> <span class='ocrx_word' id='word_1_139' title='bbox 980 1113 1063 1154; x_wconf 83' lang='lat' dir='ltr'>hoe</span> <span class='ocrx_word' id='word_1_140' title='bbox 1081 1123 1157 1163; x_wconf 82' lang='lat' dir='ltr'>est,</span> <span class='ocrx_word' id='word_1_141' title='bbox 1193 1113 1486 1183; x_wconf 78' lang='lat' dir='ltr'>aequiponde-</span> 
     </span>
     <span class='ocr_line' id='line_1_18' title="bbox 130 1170 1485 1226; baseline 0.003 -16"><span class='ocrx_word' id='word_1_142' title='bbox 130 1170 249 1211; x_wconf 85' lang='lat' dir='ltr'>rabet</span> <span class='ocrx_word' id='word_1_143' title='bbox 276 1171 442 1212; x_wconf 84' lang='lat' dir='ltr'>minae:</span> <span class='ocrx_word' id='word_1_144' title='bbox 471 1171 517 1211; x_wconf 87' lang='lat' dir='ltr'>id</span> <span class='ocrx_word' id='word_1_145' title='bbox 544 1171 719 1226; x_wconf 85' lang='lat' dir='ltr'>probat,</span> <span class='ocrx_word' id='word_1_146' title='bbox 758 1171 856 1225; x_wconf 89' lang='lat' dir='ltr'>quia</span> <span class='ocrx_word' id='word_1_147' title='bbox 882 1173 924 1214; x_wconf 77' lang='grc' dir='ltr'>ἰν</span> <span class='ocrx_word' id='word_1_148' title='bbox 943 1173 1024 1219; x_wconf 77' lang='grc' dir='ltr'><strong><em>τοῖς</em></strong></span> <span class='ocrx_word' id='word_1_149' title='bbox 1043 1170 1268 1222; x_wconf 71' lang='grc' dir='ltr'><em>ἱσταμένοις</em></span> <span class='ocrx_word' id='word_1_150' title='bbox 1283 1190 1359 1222; x_wconf 76' lang='grc' dir='ltr'>την</span> <span class='ocrx_word' id='word_1_151' title='bbox 1375 1171 1485 1224; x_wconf 79' lang='grc' dir='ltr'>μνᾶν</span> 
     </span>
     <span class='ocr_line' id='line_1_19' title="bbox 129 1222 1488 1282; baseline -0.002 -12"><span class='ocrx_word' id='word_1_152' title='bbox 129 1227 203 1276; x_wconf 77' lang='grc' dir='ltr'>τῆς</span> <span class='ocrx_word' id='word_1_153' title='bbox 220 1227 344 1280; x_wconf 79' lang='grc' dir='ltr'>ῤὀπῆς</span> <span class='ocrx_word' id='word_1_154' title='bbox 364 1228 540 1282; x_wconf 76' lang='grc' dir='ltr'><strong><em>στατῆρα</em></strong></span> <span class='ocrx_word' id='word_1_155' title='bbox 558 1222 835 1282; x_wconf 73' lang='grc' dir='ltr'><strong><em>ὀνομάζουσιν,</em></strong></span> <span class='ocrx_word' id='word_1_156' title='bbox 866 1226 949 1265; x_wconf 83' lang='lat' dir='ltr'>hoe</span> <span class='ocrx_word' id='word_1_157' title='bbox 968 1235 1030 1266; x_wconf 78' lang='lat' dir='ltr'>est</span> <span class='ocrx_word' id='word_1_158' title='bbox 1039 1255 1054 1274; x_wconf 87' lang='lat'><em>,</em></span> <span class='ocrx_word' id='word_1_159' title='bbox 1087 1227 1186 1280; x_wconf 85' lang='lat' dir='ltr'>quia</span> <span class='ocrx_word' id='word_1_160' title='bbox 1198 1229 1312 1267; x_wconf 78' lang='lat' dir='ltr'>mina</span> <span class='ocrx_word' id='word_1_161' title='bbox 1324 1226 1488 1281; x_wconf 87' lang='lat' dir='ltr'>ponde·</span> 
     </span>
     <span class='ocr_line' id='line_1_20' title="bbox 130 1280 1484 1337; baseline -0.001 -15"><span class='ocrx_word' id='word_1_162' title='bbox 130 1282 187 1322; x_wconf 80' lang='lat' dir='ltr'>ris</span> <span class='ocrx_word' id='word_1_163' title='bbox 207 1283 301 1336; x_wconf 90' lang='lat' dir='ltr'>ipso</span> <span class='ocrx_word' id='word_1_164' title='bbox 321 1283 493 1323; x_wconf 90' lang='lat' dir='ltr'>nomine</span> <span class='ocrx_word' id='word_1_165' title='bbox 510 1292 640 1323; x_wconf 73' lang='lat' dir='ltr'>stater</span> <span class='ocrx_word' id='word_1_166' title='bbox 655 1297 677 1322; x_wconf 85' lang='lat' dir='ltr'>a</span> <span class='ocrx_word' id='word_1_167' title='bbox 696 1280 1029 1337; x_wconf 74' lang='lat' dir='ltr'>ponderantibus</span> <span class='ocrx_word' id='word_1_168' title='bbox 1039 1292 1272 1325; x_wconf 81' lang='lat' dir='ltr'>vocaretur.</span> <span class='ocrx_word' id='word_1_169' title='bbox 1309 1282 1484 1337; x_wconf 79' lang='lat' dir='ltr'>Quippe</span> 
     </span>
     <span class='ocr_line' id='line_1_21' title="bbox 131 1336 1485 1390; baseline 0.001 -13"><span class='ocrx_word' id='word_1_170' title='bbox 131 1337 170 1378; x_wconf 73' lang='lat' dir='ltr'>si</span> <span class='ocrx_word' id='word_1_171' title='bbox 189 1337 299 1378; x_wconf 89' lang='lat' dir='ltr'>idem</span> <span class='ocrx_word' id='word_1_172' title='bbox 318 1352 462 1380; x_wconf 74' lang='lat' dir='ltr'>nomen</span> <span class='ocrx_word' id='word_1_173' title='bbox 480 1337 646 1388; x_wconf 83' lang='lat' dir='ltr'>habeat,</span> <span class='ocrx_word' id='word_1_174' title='bbox 675 1338 827 1378; x_wconf 83' lang='lat' dir='ltr'>habeat</span> <span class='ocrx_word' id='word_1_175' title='bbox 851 1337 1002 1390; x_wconf 88' lang='lat' dir='ltr'>utique</span> <span class='ocrx_word' id='word_1_176' title='bbox 1021 1336 1197 1376; x_wconf 86' lang='lat' dir='ltr'>eundem</span> <span class='ocrx_word' id='word_1_177' title='bbox 1219 1340 1414 1389; x_wconf 68' lang='lat' dir='ltr'>valorem,</span> <span class='ocrx_word' id='word_1_178' title='bbox 1435 1347 1485 1378; x_wconf 87' lang='lat' dir='ltr'>ut</span> 
     </span>
     <span class='ocr_line' id='line_1_22' title="bbox 133 1389 1485 1447; baseline -0.001 -16"><span class='ocrx_word' id='word_1_179' title='bbox 133 1392 306 1434; x_wconf 84' lang='lat' dir='ltr'>barbare</span> <span class='ocrx_word' id='word_1_180' title='bbox 326 1392 476 1433; x_wconf 88' lang='lat' dir='ltr'>dicam.</span> <span class='ocrx_word' id='word_1_181' title='bbox 533 1395 642 1433; x_wconf 85' lang='lat' dir='ltr'>Tum</span> <span class='ocrx_word' id='word_1_182' title='bbox 663 1391 778 1433; x_wconf 85' lang='lat' dir='ltr'>aliud</span> <span class='ocrx_word' id='word_1_183' title='bbox 798 1393 959 1446; x_wconf 79' lang='lat' dir='ltr'>profert</span> <span class='ocrx_word' id='word_1_184' title='bbox 968 1402 1257 1447; x_wconf 81' lang='lat' dir='ltr'>argumentum</span> <span class='ocrx_word' id='word_1_185' title='bbox 1278 1407 1331 1433; x_wconf 88' lang='lat' dir='ltr'>ex</span> <span class='ocrx_word' id='word_1_186' title='bbox 1345 1389 1485 1437; x_wconf 77' lang='lat' dir='ltr'>‘luno-</span> 
     </span>
     <span class='ocr_line' id='line_1_23' title="bbox 129 1442 1485 1505; baseline 0 -15"><span class='ocrx_word' id='word_1_187' title='bbox 129 1447 302 1503; x_wconf 67' lang='grc' dir='ltr'><strong><em>κρᾶτους</em></strong></span> <span class='ocrx_word' id='word_1_188' title='bbox 321 1458 471 1504; x_wconf 85' lang='lat' dir='ltr'>poetae</span> <span class='ocrx_word' id='word_1_189' title='bbox 483 1449 638 1498; x_wconf 83' lang='lat' dir='ltr'>fabula,</span> <span class='ocrx_word' id='word_1_190' title='bbox 656 1449 731 1505; x_wconf 87' lang='lat' dir='ltr'>qui</span> <span class='ocrx_word' id='word_1_191' title='bbox 748 1463 851 1488; x_wconf 81' lang='lat' dir='ltr'>voce</span> <span class='ocrx_word' id='word_1_192' title='bbox 861 1442 1177 1503; x_wconf 75' lang='grc' dir='ltr'><strong><em>πενταστᾶτηρον</em></strong></span> <span class='ocrx_word' id='word_1_193' title='bbox 1198 1447 1485 1504; x_wconf 83' lang='lat' dir='ltr'>(dependere)</span> 
     </span>
     <span class='ocr_line' id='line_1_24' title="bbox 130 1502 1482 1559; baseline 0.001 -15"><span class='ocrx_word' id='word_1_194' title='bbox 130 1519 208 1558; x_wconf 87' lang='lat' dir='ltr'>pro</span> <span class='ocrx_word' id='word_1_195' title='bbox 226 1504 471 1559; x_wconf 65' lang='grc' dir='ltr'><strong><em>πεντάμνουν</em></strong></span> <span class='ocrx_word' id='word_1_196' title='bbox 491 1519 594 1543; x_wconf 82' lang='lat' dir='ltr'>usus</span> <span class='ocrx_word' id='word_1_197' title='bbox 614 1515 702 1555; x_wconf 83' lang='lat' dir='ltr'>est3</span> <span class='ocrx_word' id='word_1_198' title='bbox 741 1517 839 1559; x_wconf 87' lang='lat' dir='ltr'>ergo</span> <span class='ocrx_word' id='word_1_199' title='bbox 859 1511 988 1543; x_wconf 81' lang='lat' dir='ltr'>stater</span> <span class='ocrx_word' id='word_1_200' title='bbox 1010 1502 1119 1543; x_wconf 86' lang='lat' dir='ltr'>idem</span> <span class='ocrx_word' id='word_1_201' title='bbox 1141 1518 1190 1542; x_wconf 85' lang='lat' dir='ltr'>ae</span> <span class='ocrx_word' id='word_1_202' title='bbox 1214 1505 1341 1545; x_wconf 84' lang='lat' dir='ltr'>mina.</span> <span class='ocrx_word' id='word_1_203' title='bbox 1400 1504 1482 1545; x_wconf 84' lang='lat' dir='ltr'>Sed</span> 
     </span>
     <span class='ocr_line' id='line_1_25' title="bbox 130 1557 1482 1614; baseline 0 -16"><span class='ocrx_word' id='word_1_204' title='bbox 130 1573 207 1612; x_wconf 85' lang='lat' dir='ltr'>pro</span> <span class='ocrx_word' id='word_1_205' title='bbox 228 1557 516 1612; x_wconf 71' lang='grc' dir='ltr'><strong><em>Ἱπποκράτους</em></strong></span> <span class='ocrx_word' id='word_1_206' title='bbox 535 1560 696 1614; x_wconf 83' lang='lat' dir='ltr'>corrige</span> <span class='ocrx_word' id='word_1_207' title='bbox 710 1562 775 1599; x_wconf 81' lang='lat' dir='ltr'>vel</span> <span class='ocrx_word' id='word_1_208' title='bbox 796 1558 978 1612; x_wconf 72' lang='lat' dir='ltr'>Kpoirwc</span> <span class='ocrx_word' id='word_1_209' title='bbox 999 1562 1062 1609; x_wconf 86' lang='lat' dir='ltr'>(ut</span> <span class='ocrx_word' id='word_1_210' title='bbox 1082 1557 1186 1597; x_wconf 86' lang='lat' dir='ltr'>alibi</span> <span class='ocrx_word' id='word_1_211' title='bbox 1205 1561 1375 1612; x_wconf 84' lang='lat' dir='ltr'>Pollux,</span> <span class='ocrx_word' id='word_1_212' title='bbox 1406 1559 1482 1599; x_wconf 89' lang='lat' dir='ltr'>ubi</span> 
     </span>
     <span class='ocr_line' id='line_1_26' title="bbox 131 1612 1482 1667; baseline 0.001 -13"><span class='ocrx_word' id='word_1_213' title='bbox 131 1614 246 1654; x_wconf 84' lang='lat' dir='ltr'>hunc</span> <span class='ocrx_word' id='word_1_214' title='bbox 265 1615 399 1667; x_wconf 82' lang='lat' dir='ltr'>ipsum</span> <span class='ocrx_word' id='word_1_215' title='bbox 420 1618 559 1655; x_wconf 88' lang='lat' dir='ltr'>locum</span> <span class='ocrx_word' id='word_1_216' title='bbox 579 1616 695 1664; x_wconf 85' lang='lat' dir='ltr'>citat,</span> <span class='ocrx_word' id='word_1_217' title='bbox 730 1617 815 1663; x_wconf 87' lang='lat' dir='ltr'>vel,</span> <span class='ocrx_word' id='word_1_218' title='bbox 833 1624 883 1653; x_wconf 85' lang='lat' dir='ltr'>ut</span> <span class='ocrx_word' id='word_1_219' title='bbox 901 1613 962 1652; x_wconf 86' lang='lat' dir='ltr'>ibi</span> <span class='ocrx_word' id='word_1_220' title='bbox 987 1612 1133 1654; x_wconf 81' lang='lat' dir='ltr'>Codex</span> <span class='ocrx_word' id='word_1_221' title='bbox 1154 1614 1394 1664; x_wconf 75' lang='lat' dir='ltr'>Vossianus,</span> <span class='ocrx_word' id='word_1_222' title='bbox 1412 1630 1482 1655; x_wconf 85' lang='lat' dir='ltr'>cu·</span> 
     </span>
     <span class='ocr_line' id='line_1_27' title="bbox 131 1666 1538 1723; baseline 0.001 -14"><span class='ocrx_word' id='word_1_223' title='bbox 131 1670 198 1709; x_wconf 83' lang='lat' dir='ltr'>ius</span> <span class='ocrx_word' id='word_1_224' title='bbox 222 1671 426 1710; x_wconf 79' lang='lat' dir='ltr'>lectiones</span> <span class='ocrx_word' id='word_1_225' title='bbox 444 1671 651 1710; x_wconf 79' lang='lat' dir='ltr'>variantes</span> <span class='ocrx_word' id='word_1_226' title='bbox 668 1669 818 1721; x_wconf 86' lang='lat' dir='ltr'>habeo,</span> <span class='ocrx_word' id='word_1_227' title='bbox 853 1666 1221 1723; x_wconf 66' lang='lat' dir='ltr'>Zmaanpdrov‹;)vel</span> <span class='ocrx_word' id='word_1_228' title='bbox 1234 1671 1408 1723; x_wconf 71' lang='lat' dir='ltr'>propius</span> <span class='ocrx_word' id='word_1_229' title='bbox 1428 1669 1538 1710; x_wconf 74' lang='lat' dir='ltr'>adss</span> 
     </span>
     <span class='ocr_line' id='line_1_28' title="bbox 98 1722 1480 1780; baseline 0.002 -17"><span class='ocrx_word' id='word_1_230' title='bbox 98 1771 101 1774; x_wconf 15' lang='grc' dir='ltr'><em>Α</em></span> <span class='ocrx_word' id='word_1_231' title='bbox 131 1729 338 1780; x_wconf 83' lang='lat' dir='ltr'>vulgatam</span> <span class='ocrx_word' id='word_1_232' title='bbox 351 1725 421 1764; x_wconf 81' lang='lat' dir='ltr'>hic</span> <span class='ocrx_word' id='word_1_233' title='bbox 433 1722 949 1779; x_wconf 66' lang='lat' dir='ltr'>lectionem’mepa&#39;tovg,</span> <span class='ocrx_word' id='word_1_234' title='bbox 967 1725 1039 1779; x_wconf 89' lang='lat' dir='ltr'>qui</span> <span class='ocrx_word' id='word_1_235' title='bbox 1060 1724 1213 1778; x_wconf 75' lang='lat' dir='ltr'>passim</span> <span class='ocrx_word' id='word_1_236' title='bbox 1238 1725 1480 1777; x_wconf 84' lang='lat' dir='ltr'>Athenaeo,</span> 
     </span>
     <span class='ocr_line' id='line_1_29' title="bbox 131 1779 1481 1835; baseline 0.001 -16"><span class='ocrx_word' id='word_1_237' title='bbox 131 1782 312 1834; x_wconf 84' lang='lat' dir='ltr'>aliisque</span> <span class='ocrx_word' id='word_1_238' title='bbox 333 1781 541 1822; x_wconf 85' lang='lat' dir='ltr'>laudatur.</span> <span class='ocrx_word' id='word_1_239' title='bbox 599 1782 798 1835; x_wconf 85' lang='lat' dir='ltr'>Sequitur</span> <span class='ocrx_word' id='word_1_240' title='bbox 828 1781 917 1834; x_wconf 87' lang='lat' dir='ltr'>ipse</span> <span class='ocrx_word' id='word_1_241' title='bbox 938 1784 1055 1819; x_wconf 84' lang='lat' dir='ltr'>locus</span> <span class='ocrx_word' id='word_1_242' title='bbox 1078 1779 1131 1818; x_wconf 85' lang='lat' dir='ltr'>ad</span> <span class='ocrx_word' id='word_1_243' title='bbox 1153 1779 1481 1821; x_wconf 80' lang='lat' dir='ltr'>iambosanobis</span> 
     </span>
     <span class='ocr_line' id='line_1_30' title="bbox 133 1834 1483 1890; baseline 0.004 -14"><span class='ocrx_word' id='word_1_244' title='bbox 133 1851 256 1890; x_wconf 81' lang='lat' dir='ltr'>supra</span> <span class='ocrx_word' id='word_1_245' title='bbox 282 1836 494 1885; x_wconf 84' lang='lat' dir='ltr'>redactus;</span> <span class='ocrx_word' id='word_1_246' title='bbox 524 1835 595 1877; x_wconf 80' lang='lat' dir='ltr'>sed</span> <span class='ocrx_word' id='word_1_247' title='bbox 615 1851 734 1876; x_wconf 76' lang='lat' dir='ltr'>versu</span> <span class='ocrx_word' id='word_1_248' title='bbox 753 1836 937 1876; x_wconf 85' lang='lat' dir='ltr'>secundo</span> <span class='ocrx_word' id='word_1_249' title='bbox 961 1850 1036 1889; x_wconf 84' lang='lat' dir='ltr'>pro</span> <span class='ocrx_word' id='word_1_250' title='bbox 1051 1834 1178 1884; x_wconf 72' lang='grc' dir='ltr'>εἰδοῖς,</span> <span class='ocrx_word' id='word_1_251' title='bbox 1207 1838 1299 1889; x_wconf 83' lang='lat' dir='ltr'>lege</span> <span class='ocrx_word' id='word_1_252' title='bbox 1323 1836 1483 1886; x_wconf 68' lang='grc' dir='ltr'><em>εἰωθώς</em></span> 
     </span>
     <span class='ocr_line' id='line_1_31' title="bbox 134 1891 1483 1946; baseline -0.001 -12"><span class='ocrx_word' id='word_1_253' title='bbox 134 1893 306 1946; x_wconf 73' lang='grc' dir='ltr'><strong><em>τρυφᾷν·</em></strong></span> <span class='ocrx_word' id='word_1_254' title='bbox 343 1893 551 1932; x_wconf 87' lang='lat' dir='ltr'>sententia</span> <span class='ocrx_word' id='word_1_255' title='bbox 582 1901 670 1933; x_wconf 80' lang='lat' dir='ltr'>est:</span> <span class='ocrx_word' id='word_1_256' title='bbox 706 1892 751 1931; x_wconf 87' lang='lat' dir='ltr'>Si</span> <span class='ocrx_word' id='word_1_257' title='bbox 771 1892 865 1946; x_wconf 85' lang='lat' dir='ltr'>quis</span> <span class='ocrx_word' id='word_1_258' title='bbox 887 1907 939 1931; x_wconf 87' lang='lat' dir='ltr'>ex</span> <span class='ocrx_word' id='word_1_259' title='bbox 962 1891 1082 1944; x_wconf 89' lang='lat' dir='ltr'>plebe</span> <span class='ocrx_word' id='word_1_260' title='bbox 1105 1892 1175 1930; x_wconf 83' lang='lat' dir='ltr'>ina</span> <span class='ocrx_word' id='word_1_261' title='bbox 1203 1892 1382 1943; x_wconf 78' lang='lat' dir='ltr'>urbana,</span> <span class='ocrx_word' id='word_1_262' title='bbox 1414 1897 1483 1933; x_wconf 88' lang='lat' dir='ltr'>al-</span> 
     </span>
     <span class='ocr_line' id='line_1_32' title="bbox 135 1945 1483 2002; baseline 0.001 -15"><span class='ocrx_word' id='word_1_263' title='bbox 135 1948 211 1987; x_wconf 86' lang='lat' dir='ltr'>bus</span> <span class='ocrx_word' id='word_1_264' title='bbox 234 1958 276 1986; x_wconf 90' lang='lat' dir='ltr'>et</span> <span class='ocrx_word' id='word_1_265' title='bbox 294 1948 376 1987; x_wconf 89' lang='lat' dir='ltr'>soli</span> <span class='ocrx_word' id='word_1_266' title='bbox 397 1948 602 1994; x_wconf 82' lang='lat' dir='ltr'>insuetus,</span> <span class='ocrx_word' id='word_1_267' title='bbox 633 1948 819 2002; x_wconf 83' lang='lat' dir='ltr'>pinguis,</span> <span class='ocrx_word' id='word_1_268' title='bbox 847 1948 980 2001; x_wconf 81' lang='lat' dir='ltr'>piger,</span> <span class='ocrx_word' id='word_1_269' title='bbox 1009 1947 1200 1986; x_wconf 84' lang='lat' dir='ltr'>luxuriae</span> <span class='ocrx_word' id='word_1_270' title='bbox 1219 1945 1398 1999; x_wconf 74' lang='lat' dir='ltr'>deditus,</span> <span class='ocrx_word' id='word_1_271' title='bbox 1415 1952 1483 1989; x_wconf 88' lang='lat' dir='ltr'>vel</span> 
     </span>
     <span class='ocr_line' id='line_1_33' title="bbox 132 2001 1483 2058; baseline 0 -15"><span class='ocrx_word' id='word_1_272' title='bbox 132 2003 387 2043; x_wconf 84' lang='lat' dir='ltr'>levissimum</span> <span class='ocrx_word' id='word_1_273' title='bbox 409 2003 592 2058; x_wconf 85' lang='lat' dir='ltr'>ligonem</span> <span class='ocrx_word' id='word_1_274' title='bbox 617 2004 690 2042; x_wconf 84' lang='lat' dir='ltr'>vix</span> <span class='ocrx_word' id='word_1_275' title='bbox 710 2003 898 2057; x_wconf 84' lang='lat' dir='ltr'>quinque</span> <span class='ocrx_word' id='word_1_276' title='bbox 916 2004 1112 2041; x_wconf 85' lang='lat' dir='ltr'>librarum</span> <span class='ocrx_word' id='word_1_277' title='bbox 1135 2001 1318 2054; x_wconf 81' lang='lat' dir='ltr'>pondere</span> <span class='ocrx_word' id='word_1_278' title='bbox 1336 2014 1483 2044; x_wconf 82' lang='lat' dir='ltr'>sustu-</span> 
     </span>
     <span class='ocr_line' id='line_1_34' title="bbox 132 2058 1485 2111; baseline 0.001 -14"><span class='ocrx_word' id='word_1_279' title='bbox 132 2060 199 2106; x_wconf 83' lang='lat' dir='ltr'>lit,</span> <span class='ocrx_word' id='word_1_280' title='bbox 228 2058 369 2097; x_wconf 81' lang='lat' dir='ltr'>statim</span> <span class='ocrx_word' id='word_1_281' title='bbox 390 2060 563 2097; x_wconf 72' lang='lat' dir='ltr'>anhelae</span> <span class='ocrx_word' id='word_1_282' title='bbox 587 2058 633 2097; x_wconf 80' lang='lat' dir='ltr'>fit</span> <span class='ocrx_word' id='word_1_283' title='bbox 651 2069 692 2097; x_wconf 89' lang='lat' dir='ltr'>et</span> <span class='ocrx_word' id='word_1_284' title='bbox 714 2059 784 2097; x_wconf 87' lang='lat' dir='ltr'>ilia</span> <span class='ocrx_word' id='word_1_285' title='bbox 806 2058 946 2106; x_wconf 80' lang='lat' dir='ltr'>ducit3</span> <span class='ocrx_word' id='word_1_286' title='bbox 979 2058 1059 2099; x_wconf 77' lang='grc' dir='ltr'>ἅνω</span> <span class='ocrx_word' id='word_1_287' title='bbox 1089 2060 1284 2111; x_wconf 66' lang='grc' dir='ltr'><strong><em>γίγνεται,</em></strong></span> <span class='ocrx_word' id='word_1_288' title='bbox 1314 2067 1363 2100; x_wconf 85' lang='lat' dir='ltr'>ut</span> <span class='ocrx_word' id='word_1_289' title='bbox 1383 2061 1485 2099; x_wconf 78' lang='lat' dir='ltr'>Ho-</span> 
     </span>
     <span class='ocr_line' id='line_1_35' title="bbox 134 2112 1487 2167; baseline 0.001 -14"><span class='ocrx_word' id='word_1_290' title='bbox 134 2113 266 2153; x_wconf 81' lang='lat' dir='ltr'>ratius</span> <span class='ocrx_word' id='word_1_291' title='bbox 300 2124 463 2154; x_wconf 85' lang='lat' dir='ltr'>nostet:</span> <span class='ocrx_word' id='word_1_292' title='bbox 503 2115 670 2152; x_wconf 71' lang='lat' dir='ltr'>sublimi</span> <span class='ocrx_word' id='word_1_293' title='bbox 687 2114 837 2167; x_wconf 72' lang='lat' dir='ltr'>fugies</span> <span class='ocrx_word' id='word_1_294' title='bbox 866 2115 1002 2152; x_wconf 78' lang='lat' dir='ltr'>mollis</span> <span class='ocrx_word' id='word_1_295' title='bbox 1028 2112 1239 2160; x_wconf 73' lang='lat' dir='ltr'>anhelitu,</span> <span class='ocrx_word' id='word_1_296' title='bbox 1274 2115 1387 2167; x_wconf 91' lang='lat' dir='ltr'>quod</span> <span class='ocrx_word' id='word_1_297' title='bbox 1407 2115 1487 2154; x_wconf 85' lang='lat' dir='ltr'>Vir</span> 
     </span>
     <span class='ocr_line' id='line_1_36' title="bbox 135 2169 1483 2225; baseline 0.001 -16"><span class='ocrx_word' id='word_1_298' title='bbox 135 2183 323 2224; x_wconf 78' lang='lat' dir='ltr'>magnus,</span> <span class='ocrx_word' id='word_1_299' title='bbox 351 2169 488 2209; x_wconf 86' lang='lat' dir='ltr'>Iulius</span> <span class='ocrx_word' id='word_1_300' title='bbox 506 2170 704 2225; x_wconf 83' lang='lat' dir='ltr'>Scaliger,</span> <span class='ocrx_word' id='word_1_301' title='bbox 734 2184 778 2209; x_wconf 88' lang='lat' dir='ltr'>se</span> <span class='ocrx_word' id='word_1_302' title='bbox 797 2185 850 2209; x_wconf 83' lang='lat' dir='ltr'>ex</span> <span class='ocrx_word' id='word_1_303' title='bbox 866 2179 958 2208; x_wconf 83' lang='lat' dir='ltr'>toto</span> <span class='ocrx_word' id='word_1_304' title='bbox 973 2170 1132 2209; x_wconf 86' lang='lat' dir='ltr'>Galeno</span> <span class='ocrx_word' id='word_1_305' title='bbox 1146 2170 1319 2223; x_wconf 82' lang='lat' dir='ltr'>negavit</span> <span class='ocrx_word' id='word_1_306' title='bbox 1338 2185 1483 2223; x_wconf 84' lang='lat' dir='ltr'>capere</span> 
     </span>
     <span class='ocr_line' id='line_1_37' title="bbox 135 2224 1484 2279; baseline 0.001 -15"><span class='ocrx_word' id='word_1_307' title='bbox 135 2239 271 2279; x_wconf 83' lang='lat' dir='ltr'>posse.</span> <span class='ocrx_word' id='word_1_308' title='bbox 332 2225 463 2265; x_wconf 85' lang='lat' dir='ltr'>Verba</span> <span class='ocrx_word' id='word_1_309' title='bbox 488 2226 590 2275; x_wconf 88' lang='lat' dir='ltr'>iam,</span> <span class='ocrx_word' id='word_1_310' title='bbox 622 2226 796 2278; x_wconf 77' lang='lat' dir='ltr'>opinor,</span> <span class='ocrx_word' id='word_1_311' title='bbox 827 2225 928 2264; x_wconf 84' lang='lat' dir='ltr'>satis</span> <span class='ocrx_word' id='word_1_312' title='bbox 951 2224 1277 2275; x_wconf 82' lang='lat' dir='ltr'>illustravimus3</span> <span class='ocrx_word' id='word_1_313' title='bbox 1308 2240 1391 2265; x_wconf 88' lang='lat' dir='ltr'>rem</span> <span class='ocrx_word' id='word_1_314' title='bbox 1411 2226 1484 2279; x_wconf 88' lang='lat' dir='ltr'>ip-</span> 
     </span>
     <span class='ocr_line' id='line_1_38' title="bbox 135 2280 1483 2334; baseline 0 -14"><span class='ocrx_word' id='word_1_315' title='bbox 135 2295 235 2328; x_wconf 82' lang='lat' dir='ltr'>sam,</span> <span class='ocrx_word' id='word_1_316' title='bbox 265 2295 412 2333; x_wconf 87' lang='lat' dir='ltr'>nempe</span> <span class='ocrx_word' id='word_1_317' title='bbox 432 2290 626 2320; x_wconf 85' lang='lat' dir='ltr'>staterem</span> <span class='ocrx_word' id='word_1_318' title='bbox 649 2284 712 2324; x_wconf 76' lang='grc' dir='ltr'>ἰπὶ</span> <span class='ocrx_word' id='word_1_319' title='bbox 730 2282 913 2334; x_wconf 77' lang='grc' dir='ltr'><strong><em>σταθμοῦ</em></strong></span> <span class='ocrx_word' id='word_1_320' title='bbox 929 2283 1065 2320; x_wconf 87' lang='lat' dir='ltr'>valere</span> <span class='ocrx_word' id='word_1_321' title='bbox 1084 2280 1250 2328; x_wconf 84' lang='lat' dir='ltr'>minam,</span> <span class='ocrx_word' id='word_1_322' title='bbox 1281 2280 1362 2319; x_wconf 87' lang='lat' dir='ltr'>iam</span> <span class='ocrx_word' id='word_1_323' title='bbox 1384 2294 1483 2320; x_wconf 86' lang='lat' dir='ltr'>con-</span> 
     </span>
     <span class='ocr_line' id='line_1_39' title="bbox 138 2333 1482 2389; baseline 0.004 -15"><span class='ocrx_word' id='word_1_324' title='bbox 138 2335 338 2375; x_wconf 80' lang='lat' dir='ltr'>firmatam</span> <span class='ocrx_word' id='word_1_325' title='bbox 360 2335 562 2376; x_wconf 78' lang='lat' dir='ltr'>dabimus.</span> <span class='ocrx_word' id='word_1_326' title='bbox 594 2337 751 2375; x_wconf 86' lang='lat' dir='ltr'>Pollux</span> <span class='ocrx_word' id='word_1_327' title='bbox 769 2337 930 2386; x_wconf 84' lang='lat' dir='ltr'>lib.1V‚</span> <span class='ocrx_word' id='word_1_328' title='bbox 947 2333 1035 2389; x_wconf 76' lang='lat'>175.</span> <span class='ocrx_word' id='word_1_329' title='bbox 1062 2338 1275 2386; x_wconf 69' lang='grc' dir='ltr'><strong><em>Σταθμῶν</em></strong></span> <span class='ocrx_word' id='word_1_330' title='bbox 1290 2334 1482 2389; x_wconf 83' lang='grc' dir='ltr'><strong><em>ὀνόματα.</em></strong></span> 
     </span>
     <span class='ocr_line' id='line_1_40' title="bbox 137 2389 1481 2446; baseline -0.001 -13"><span class='ocrx_word' id='word_1_331' title='bbox 137 2392 310 2444; x_wconf 75' lang='grc' dir='ltr'><strong><em>στατῆρα</em></strong></span> <span class='ocrx_word' id='word_1_332' title='bbox 323 2421 335 2442; x_wconf 91' lang='grc'><strong><em>,</em></strong></span> <span class='ocrx_word' id='word_1_333' title='bbox 365 2392 424 2430; x_wconf 85' lang='lat' dir='ltr'>ait</span> <span class='ocrx_word' id='word_1_334' title='bbox 439 2423 451 2442; x_wconf 90' lang='lat'>,</span> <span class='ocrx_word' id='word_1_335' title='bbox 479 2396 517 2433; x_wconf 82' lang='grc' dir='ltr'>οἱ</span> <span class='ocrx_word' id='word_1_336' title='bbox 538 2392 607 2442; x_wconf 70' lang='grc' dir='ltr'>τῆς</span> <span class='ocrx_word' id='word_1_337' title='bbox 635 2394 858 2445; x_wconf 80' lang='grc' dir='ltr'><strong><em>Κωμῳδίας</em></strong></span> <span class='ocrx_word' id='word_1_338' title='bbox 884 2391 1043 2442; x_wconf 84' lang='grc' dir='ltr'><strong><em>ποιηταὶ</em></strong></span> <span class='ocrx_word' id='word_1_339' title='bbox 1061 2389 1132 2440; x_wconf 67' lang='grc' dir='ltr'>τήν</span> <span class='ocrx_word' id='word_1_340' title='bbox 1150 2393 1289 2441; x_wconf 78' lang='grc' dir='ltr'><strong><em>λίτραν</em></strong></span> <span class='ocrx_word' id='word_1_341' title='bbox 1310 2391 1481 2446; x_wconf 66' lang='grc' dir='ltr'>λέγουσι.</span> 
     </span>
     <span class='ocr_line' id='line_1_41' title="bbox 138 2445 1483 2502; baseline 0.003 -16"><span class='ocrx_word' id='word_1_342' title='bbox 138 2445 208 2496; x_wconf 73' lang='grc' dir='ltr'>τήν</span> <span class='ocrx_word' id='word_1_343' title='bbox 227 2448 300 2500; x_wconf 83' lang='grc' dir='ltr'>μὲν</span> <span class='ocrx_word' id='word_1_344' title='bbox 327 2445 402 2502; x_wconf 74' lang='grc' dir='ltr'>γοῖρ</span> <span class='ocrx_word' id='word_1_345' title='bbox 421 2450 558 2502; x_wconf 80' lang='grc' dir='ltr'>λίτραν</span> <span class='ocrx_word' id='word_1_346' title='bbox 579 2445 789 2502; x_wconf 69' lang='grc' dir='ltr'><strong><em>εἰρήκασιν</em></strong></span> <span class='ocrx_word' id='word_1_347' title='bbox 806 2452 845 2489; x_wconf 84' lang='grc' dir='ltr'>οἱ</span> <span class='ocrx_word' id='word_1_348' title='bbox 866 2448 1025 2490; x_wconf 79' lang='grc' dir='ltr'><strong><em>Σικελοὶ</em></strong></span> <span class='ocrx_word' id='word_1_349' title='bbox 1053 2448 1253 2501; x_wconf 81' lang='grc' dir='ltr'><strong><em>κωμῳδοί.</em></strong></span> <span class='ocrx_word' id='word_1_350' title='bbox 1299 2451 1483 2492; x_wconf 77' lang='grc' dir='ltr'>δίκελλαν</span> 
     </span>
     <span class='ocr_line' id='line_1_42' title="bbox 139 2502 1485 2558; baseline 0.003 -15"><span class='ocrx_word' id='word_1_351' title='bbox 139 2502 182 2544; x_wconf 72' lang='grc' dir='ltr'>δὲ</span> <span class='ocrx_word' id='word_1_352' title='bbox 196 2505 514 2557; x_wconf 75' lang='grc' dir='ltr'><strong><em>πενταστάτηρον</em></strong></span> <span class='ocrx_word' id='word_1_353' title='bbox 534 2502 790 2556; x_wconf 77' lang='grc' dir='ltr'><strong><em>Σωσικράτης</em></strong></span> <span class='ocrx_word' id='word_1_354' title='bbox 812 2506 855 2546; x_wconf 75' lang='grc' dir='ltr'>ἐν</span> <span class='ocrx_word' id='word_1_355' title='bbox 881 2502 1227 2558; x_wconf 66' lang='grc' dir='ltr'><strong><em>Παρακαταθήκῃ,</em></strong></span> <span class='ocrx_word' id='word_1_356' title='bbox 1255 2502 1325 2553; x_wconf 66' lang='grc' dir='ltr'>τήν</span> <span class='ocrx_word' id='word_1_357' title='bbox 1345 2505 1485 2548; x_wconf 69' lang='grc' dir='ltr'><strong><em>πεντά-</em></strong></span> 
     </span>
     <span class='ocr_line' id='line_1_43' title="bbox 141 2558 1485 2616; baseline -0.001 -18"><span class='ocrx_word' id='word_1_358' title='bbox 141 2562 280 2611; x_wconf 78' lang='grc' dir='ltr'><strong><em>λιτρον.</em></strong></span> <span class='ocrx_word' id='word_1_359' title='bbox 337 2560 408 2599; x_wconf 80' lang='lat' dir='ltr'>sic</span> <span class='ocrx_word' id='word_1_360' title='bbox 419 2562 516 2614; x_wconf 88' lang='lat' dir='ltr'>lego</span> <span class='ocrx_word' id='word_1_361' title='bbox 537 2573 589 2599; x_wconf 89' lang='lat' dir='ltr'>ex</span> <span class='ocrx_word' id='word_1_362' title='bbox 610 2559 713 2600; x_wconf 85' lang='lat' dir='ltr'>cod.</span> <span class='ocrx_word' id='word_1_363' title='bbox 738 2560 871 2606; x_wconf 90' lang='lat' dir='ltr'>Voss.‚</span> <span class='ocrx_word' id='word_1_364' title='bbox 901 2570 942 2599; x_wconf 91' lang='lat' dir='ltr'>et</span> <span class='ocrx_word' id='word_1_365' title='bbox 959 2568 1022 2597; x_wconf 82' lang='lat' dir='ltr'>est</span> <span class='ocrx_word' id='word_1_366' title='bbox 1039 2558 1146 2597; x_wconf 88' lang='lat' dir='ltr'>idem</span> <span class='ocrx_word' id='word_1_367' title='bbox 1160 2562 1292 2611; x_wconf 86' lang='lat' dir='ltr'>locus,</span> <span class='ocrx_word' id='word_1_368' title='bbox 1321 2560 1394 2616; x_wconf 88' lang='lat' dir='ltr'>qui</span> <span class='ocrx_word' id='word_1_369' title='bbox 1418 2575 1485 2600; x_wconf 83' lang='lat' dir='ltr'>su-</span> 
     </span>
     <span class='ocr_line' id='line_1_44' title="bbox 143 2613 1482 2673; baseline 0.004 -21"><span class='ocrx_word' id='word_1_370' title='bbox 143 2626 216 2666; x_wconf 86' lang='lat' dir='ltr'>pra</span> <span class='ocrx_word' id='word_1_371' title='bbox 241 2627 294 2660; x_wconf 50' lang='lat' dir='ltr'>ex</span> <span class='ocrx_word' id='word_1_372' title='bbox 320 2615 576 2666; x_wconf 77' lang='lat' dir='ltr'>Hippocrate</span> <span class='ocrx_word' id='word_1_373' title='bbox 597 2613 805 2654; x_wconf 83' lang='lat' dir='ltr'>&#39;adductus</span> <span class='ocrx_word' id='word_1_374' title='bbox 831 2624 905 2656; x_wconf 85' lang='lat' dir='ltr'>est.</span> <span class='ocrx_word' id='word_1_375' title='bbox 962 2614 1180 2655; x_wconf 76' lang='lat' dir='ltr'>Sententia</span> <span class='ocrx_word' id='word_1_376' title='bbox 1210 2623 1293 2657; x_wconf 81' lang='lat' dir='ltr'>est:</span> <span class='ocrx_word' id='word_1_377' title='bbox 1331 2619 1482 2673; x_wconf 81' lang='grc' dir='ltr'><strong><em>λίτραν.</em></strong></span> 
     </span>
    </p>
   </div>
   <div class='ocr_carea' id='block_1_3' title="bbox 999 2679 1270 2737">
    <p class='ocr_par' dir='ltr' id='par_1_3' title="bbox 999 2679 1270 2737">
     <span class='ocr_line' id='line_1_45' title="bbox 999 2679 1270 2737; baseline 0 -2"><span class='ocrx_word' id='word_1_378' title='bbox 999 2679 1214 2737; x_wconf 74' lang='lat' dir='ltr'>Gggg&#39;gg</span> <span class='ocrx_word' id='word_1_379' title='bbox 1244 2685 1270 2723; x_wconf 81' lang='lat'><strong>2</strong></span> 
     </span>
    </p>
   </div>
  </div>
 </body>
</html>
