1690 2996
201 150 308 190 1338
828 145 882 190 X.
937 149 1004 191 24.

199 256 438 297 Athenaeus
457 255 533 301 lib.
552 255 626 297 VI.
646 270 736 312 cap.
758 270 820 313 ¹9·
843 254 1059 312 ’Τπερίδης
1077 254 1177 315 γοῦν
1195 257 1218 303 ὅ
1229 256 1385 314 ‘Primo
1399 259 1443 303 ἓν
1456 263 1513 318 τῷ
1531 249 1635 303 nato?

201 312 455 363 Μαντιθέου,
482 314 618 365 εἶκίας,
649 315 762 366 φησὶ,
793 315 935 357 ἔθεσαν
955 324 1035 357 etc.
1070 315 1292 370 legendum
1322 317 1633 371 interpungen-

201 367 383 421 dumque
410 377 474 407 est
501 368 600 411 κατὰ
623 370 861 412 Μαντιθέου
880 373 1030 422 αἰκίας,
1059 373 1178 424 φησὶ,
1207 373 1359 425 ἔθησαν
1376 381 1454 412 eto.
1483 373 1631 412 confer

201 422 385 463 eiusdem
414 423 505 465 1ibr.
539 424 662 465 XIII.
685 439 774 479 cap.
797 424 836 466 6.
866 426 939 465 ubi
958 436 1070 466 recte
1097 427 1274 469 casaub.
1294 429 1425 477 αἰκίας
1443 428 1631 468 restituit

200 492 278 532 pro
300 480 437 528 αἰτίας.
492 479 607 520 Idem
637 480 681 518 in
705 481 785 520 fine
810 481 883 522 lib.
908 482 1026 525 VIII.
1047 483 1183 522 simile
1204 483 1396 523 mendum
1415 484 1585 522 sustulit
1607 498 1629 522 e

199 533 338 573 medio
367 549 456 589 cap.
489 549 557 587 17.
578 534 650 574 ubi
671 546 757 575 erat
776 538 991 590 scriptum,
1022 541 1179 588 Λυσίας
1201 540 1242 582 ἐν
1265 544 1320 596 τῷ
1339 537 1437 581 κατὰ
1448 541 1629 580 Μικίνου

202 587 330 646 φόνῳ,
359 605 436 643 pro
452 590 600 642 φόνου.
637 602 841 631 caeterum
862 603 910 631 ut
925 591 1026 648 λόγῳ
1047 593 1222 633 addatur
1239 608 1325 634 non
1348 605 1410 635 est
1433 607 1633 633 neeessa-

200 646 321 687 rium.
364 645 408 685 id
427 647 538 686 enim
563 646 900 702 subintelligitur
919 659 964 688 ut
988 649 1208 702 plurimum
1222 683 1234 700 ,
1272 649 1338 688 uti
1358 659 1473 702 patet
1491 663 1542 690 ex
1561 649 1632 688 di-

199 701 291 742 ctis.
322 711 524 742 caeterum
546 713 689 754 postea
710 703 800 741 vidi
825 704 864 742 V
865 705 1033 743 alesiam
1051 704 1176 743 etiam
1202 706 1244 744 in
1265 707 1389 745 Notis
1411 715 1454 745 et
1482 706 1631 744 Emen-

199 757 452 806 dationibus,
486 771 592 811 quae
618 759 751 797 fronti
772 768 813 798 et
826 760 930 798 calci
953 760 1135 799 Pollucis
1156 759 1296 800 editis
1312 761 1456 800 Sebero
1476 759 1632 800 adscri-

199 822 354 866 pscrat,
384 815 520 867 legere
539 813 757 854 nobiscum
777 816 1002 869 ἐπιτροπῆς.
1055 822 1201 855 Kmmu.

310 880 532 932 ἔπιτροπεῖς
550 881 662 932 etc.]
692 880 786 923 MS.
806 881 1020 934 ἐπιτροπῆς
1035 880 1103 930 τὰς
1119 884 1276 932 κλεῖδας
1293 879 1523 937 εὖρῆκαμεν,
1544 896 1627 937 quo

199 944 326 988 pacto
350 935 454 973 mihi
482 933 744 975 scribendum
773 935 964 987 videtur,
993 939 1118 991 longe
1138 951 1262 977 sensu
1280 938 1558 992 elegantiore:
1590 952 1629 992 q.

199 989 239 1030 d.
261 992 402 1029 claves·
415 992 579 1042 tutelae,
601 994 670 1030 vel
691 992 1087 1039 administrationis,
1106 991 1150 1031 id
1173 1002 1247 1043 est,
1271 1001 1394 1046 patet
1411 993 1526 1032 noble
1544 996 1631 1032 iam

199 1046 346 1084 aditus
367 1046 427 1084 ad
443 1060 554 1087 eam:
584 1049 652 1086 vel
670 1047 973 1099 emendandum
996 1047 1163 1101 potiu's:
1194 1047 1294 1102 πρὸς
1323 1050 1521 1091 Φίλιππον
1539 1049 1632 1091 ἔπι-

197 1105 369 1155 τροπῆς·
398 1099 468 1151 τὰς
484 1111 567 1145 etc.
625 1104 724 1142 Erat
746 1112 882 1143 autem
904 1102 955 1143 de
972 1117 1018 1144 ea
1042 1118 1086 1143 re
1107 1103 1255 1143 Oratio
1277 1105 1379 1145 ista:
1410 1106 1528 1149 etita
1547 1110 1631 1146 Λυ-

200 1160 287 1206 σίας
303 1159 344 1199 ἐν
361 1162 418 1214 τῷ
437 1157 535 1200 κατὰ
560 1159 758 1201 Φίλιππον
774 1160 987 1212 ἐπιτροπῆς
1010 1158 1205 1198 laudatur
1225 1159 1274 1199 ab
1294 1160 1630 1212 Harpocratione

198 1213 243 1251 in
261 1212 502 1267 α’ρκτοῦρος·
533 1223 580 1252 ut
598 1215 720 1254 etiam
737 1214 780 1252 in
793 1215 976 1266 πεδιακᾶ,
995 1214 1094 1254 licet
1110 1214 1169 1252 ibi
1183 1214 1405 1255 addubitet
1422 1218 1459 1258 εἰ
1468 1215 1631 1271 γνήσιος

198 1267 220 1311 ὅ
240 1267 358 1324 λόγος
377 1270 467 1321 ἐστὶ,
499 1268 845 1324 quemadmodum
867 1270 968 1310 etin
992 1267 1086 1318 ὁδὸς
1102 1279 1143 1309 et
1165 1268 1281 1322 ζειρά.
1337 1276 1447 1310 Iunc.
1617 1281 1621 1286 ·

244 1338 246 1340 ’
307 1336 552 1388 ἐπιτροπεῖς]
585 1336 754 1387 Optime
773 1337 897 1377 MSS.
915 1336 1145 1390 ἐπιτροπῆς·
1176 1336 1289 1391 quod
1311 1351 1396 1377 non
1417 1338 1551 1388 aliter,
1583 1353 1631 1379 ao

196 1392 413 1431 Kuehnius
444 1391 673 1445 explicuit.
710 1391 956 1443 capiendum
987 1401 1063 1432 est.
1106 1391 1156 1431 ad
1177 1392 1326 1432 vitium
1345 1392 1426 1434 hoc
1444 1395 1628 1433 animum

199 1447 381 1486 advertit
402 1447 526 1487 etiam
545 1448 750 1485 Meursius
768 1448 973 1489 Biblioth.
993 1450 1085 1487 Aet.
1105 1447 1179 1486 ubi
1198 1447 1249 1488 de
1272 1450 1422 1500 Lysiaj
1453 1449 1630 1504 eiusque

199 1503 378 1556 scriptis,
402 1502 563 1554 ibique,
587 1512 635 1541 ut
657 1517 748 1541 cum
764 1504 950 1545 Kuehm‘o
969 1517 1046 1543 nos
1066 1503 1286 1543 intulimus
1306 1504 1351 1543 in
1369 1514 1630 1560 contextum,

198 1559 366 1615 egregie
386 1559 452 1599 vir
471 1557 755 1597 Doctissimus
767 1558 1020 1599 emendavit.

306 1682 350 1725 ἓν
366 1683 668 1736 Αἰολωσίκωνι]
698 1683 975 1726 Αἰολοσίκωνι.
1029 1688 1110 1723 San.

308 1738 351 1780 ἐν
369 1739 667 1792 Αἰολωσίκωνι]
701 1738 745 1781 C.
768 1739 818 1779 V·
841 1739 883 1780 ἐν
902 1737 1005 1781 εἶναι
1022 1735 1274 1781 “Ολοσίκωνι.
1305 1738 1352 1781 C.
1371 1738 1420 1780 A.
1442 1740 1631 1782 Αἰολυσι-

199 1794 358 1836 §inmm-
384 1797 464 1848 leg.
491 1797 778 1847 Αἰολοσίκωνι,
819 1803 867 1832 ut
890 1804 931 1834 et
951 1808 1075 1849 segm.
1095 1808 1212 1848 sequ.
1235 1794 1373 1833 drama
1397 1793 1525 1834 huius
1547 1809 1630 1834 no-

198 1849 324 1888 minis
344 1849 394 1888 ab
417 1850 699 1902 Aristophane
721 1850 920 1903 scriptum
940 1850 983 1888 in
1004 1849 1207 1904 quendam
1234 1851 1421 1888 Siconem
1438 1852 1630 1903 versipel-

197 1903 287 1947 lem.
325 1918 402 1958 pro
426 1908 599 1948 κλειδίον
619 1907 665 1946 C.
687 1906 735 1945 A.
760 1909 864 1945 male
881 1908 1072 1948 κλειδίων.
1126 1912 1274 1948 Kumm,

307 1973 350 2015 ἐν
380 1974 675 2025 Αἰολωσίκωνι]
714 1974 807 2012 MS.
834 1975 1186 2024 Εἰναιολοσίκωνι,
1217 1971 1290 2012 sed
1307 1970 1569 2012 emendatum
1586 1973 1630 2015 ἐν

197 2029 482 2071 Αἰολοσίκωνι·
514 2028 726 2081 quomodo
747 2028 926 2068 scribere
943 2038 984 2069 et
1004 2032 1131 2084 vulgo
1146 2027 1269 2069 debes
1289 2042 1361 2081 per
1377 2032 1435 2075 λο,
1459 2041 1543 2066 non
1561 2033 1629 2078 λω,

198 2093 247 2123 ut
265 2084 390 2123 etiam
410 2083 460 2123 ab
483 2084 615 2122 amico
636 2094 781 2124 nostro
803 2083 926 2124 video
946 2084 1203 2125 adnotatum.
1260 2083 1627 2136 Saepiusanostro

198 2138 422 2179 adducitur
444 2139 526 2178 hoc
546 2138 698 2188 drama,
729 2148 770 2179 et
787 2142 1031 2194 plerumque
1053 2149 1166 2180 recte
1179 2139 1391 2180 scribitur.
1447 2145 1551 2178 lune.

1688 2182 1690 2200 4

309 2207 351 2250 ἓν
382 2206 677 2258 Λίολωσίκωνι]
723 2207 991 2248 Αἰολοσίκωνι
1013 2221 1106 2245 cum
1134 2207 1343 2251 Kuclmio,
1385 2213 1434 2243 ut
1459 2204 1626 2258 saepius
1689 2202 1690 2210 ¹

197 2262 323 2313 alibi,
366 2262 435 2302 bic
464 2277 485 2301 a
514 2261 634 2300 nobis
664 2270 726 2300 est
751 2261 1037 2311 emendatum,
1074 2270 1116 2300 et
1134 2275 1233 2299 mox
1261 2274 1386 2314 segm.
1409 2262 1626 2313 sequenti3

198 2333 320 2372 quam
350 2318 531 2357 fabulam
557 2317 601 2355 in
631 2330 792 2355 scenam
822 2317 1002 2356 edidisse
1031 2329 1105 2369 per
1138 2315 1270 2354 filium
1293 2316 1538 2365 Aramum,
1577 2324 1627 2354 ut

195 2387 347 2414 nomeu
368 2374 449 2426 ipsi
478 2381 603 2426 atque
622 2371 786 2411 laudem
811 2372 1077 2418 conciliaret,
1109 2371 1453 2422 Aristophanem,
1484 2371 1627 2423 Argu-

196 2439 381 2468 mentum
410 2428 608 2467 Plutonis
634 2427 769 2468 docet.
829 2427 939 2479 [Pro
971 2429 1162 2465 Plutonis
1188 2440 1346 2479 repone
1365 2426 1493 2465 Pleni.
1532 2439 1626 2466 reor

196 2495 239 2523 et
265 2484 366 2522 alibi
399 2499 462 2524 me
491 2483 626 2522 inscio
656 2483 737 2522 hoc
769 2482 984 2534 irrepsisse
1009 2481 1216 2521 mendum.
1272 2483 1337 2520 Ex
1359 2480 1622 2535 Addendis]

193 2541 298 2578 Tum
330 2540 493 2592 plenius
524 2541 568 2578 in
603 2549 744 2578 nostra
772 2538 960 2578 editione
989 2539 1144 2591 legitur
1173 2538 1214 2578 ἐν
1241 2539 1314 2590 μέν
1339 2553 1401 2578 τοι
1434 2542 1518 2585 τοῖς
1543 2546 1620 2578 etc.

193 2593 410 2645 Πλάτωνος
429 2597 624 2638 Μέτοικοι
645 2597 739 2648 plus
758 2608 880 2649 quam
900 2597 1025 2634 semel
1043 2595 1375 2644 Harpocrationi
1393 2601 1438 2633 et
1453 2594 1623 2632 Aristo-
