1656 2976
151 114 256 178 rino
766 131 821 171 x.
842 165 844 167 .
882 135 971 175 167.

147 245 235 296 prie
255 243 358 282 baec
377 246 638 297 μορμολυκεῖα
657 255 754 296 prae
773 242 976 284 retulisse
993 243 1110 298 velis,
1138 243 1252 286 unde
1268 245 1568 287 firmamentum

145 299 325 353 accipiat
343 302 516 354 vulgata
539 299 774 352 Etymologi
786 297 932 353 lectio,
961 313 1082 354 quam
1098 300 1225 340 iuxta
1237 315 1331 342 cnm
1344 303 1566 356 'S-ylbm‘gio

143 364 376 408 suspectam
397 354 664 402 habebamus,
695 368 780 409 quo
812 353 863 395 de
891 356 1153 396 constituant
1175 355 1354 398 eruditi..
1372 371 1446 400 eae
1465 372 1566 402 tane

143 411 325 450 Graecae
349 411 518 464 linguae
539 419 580 450 et
601 413 886 466 plerarumque
906 411 1079 450 aliarum
1101 420 1203 451 sunt
1221 414 1358 467 legem,
1385 413 1565 467 telisque

140 480 245 516 mos,
264 475 313 504 ut
330 466 487 518 primos
506 475 548 505 et
566 466 764 506 arctiores
780 465 1137 520 significationum
1155 467 1310 508 limites
1329 482 1429 512 usus,
1449 478 1564 522 post-

139 521 308 561 modum
325 521 577 576 longissime,
589 522 799 575 proFerat3
831 521 932 561 hinc
948 522 1037 563 fieri
1058 523 1248 576 potuerit
1266 537 1388 577 quam
1407 524 1561 568 fucini·

138 593 226 625 me,
257 583 544 632 μορμολυκεῖα,
573 592 665 617 cum
694 577 862 631 proprie
885 577 1133 618 denotarent
1147 578 1300 632 lupino
1321 582 1443 619 vultu
1461 593 1563 632 per-‚-

138 647 284 682 sonas,
323 643 467 686 postea
494 633 753 690 significasse
783 633 955 687 quaevis
982 637 1194 688 θηριοειδῆ
1215 632 1422 688 πρόσωπας
1479 633 1561 675 Sed

137 689 221 728 hue
253 699 390 729 tamen
427 699 477 729 ut
514 690 806 744 confugiamus
836 702 924 728 non
961 703 1129 742 prorsus
1156 703 1249 730 esse
1285 690 1560 733 necessarium

135 755 279 798 postea
296 745 492 799 perspexi
503 760 523 786 x·
546 743 797 798 μορμολῦκην
814 744 925 787 enim
942 747 1128 797 appellat
1152 745 1301 795 Strabo
1330 761 1452 802 qnam
1483 745 1558 786 alii

134 801 324 855 plerique
339 799 474 855 μορμώ
488 815 498 825 ·
526 800 638 840 unde
650 806 912 855 μορμολυκεῖα
920 800 1037 839 facili
1048 801 1212 850 ratione
1226 802 1471 844 formantur.
1499 802 1560 843 At

135 856 185 896 de
209 857 398 909 personis
424 856 598 896 scenicis
628 856 808 896 forsitan
837 855 942 896 bene
966 858 1093 895 multa
1113 869 1245 910 eaque
1266 855 1465 897 hacteuus
1489 857 1558 895 iu-

133 912 244 951 dicta
266 922 440 965 possent
456 912 679 962 observari,
710 925 815 966 quae
835 911 986 951 lubens
1007 910 1200 967 equidem
1222 911 1305 963 hoo
1323 915 1555 966 lo'ooprae-

131 978 245 1007 tereo
266 971 442 1021 paucula
473 978 695 1007 contentus
715 966 967 1021 aliquando,
998 976 1124 1019 prout
1143 976 1305 1020 tempus
1328 977 1371 1008 et
1391 969 1555 1011 animus

131 1023 331 1074 tulerint,
361 1022 537 1062 Polluci
570 1022 818 1063 illustrando
842 1022 1104 1076 adspersisse.
1159 1022 1438 1077 Subsequitur
1456 1041 1556 1079 μορ-

128 1082 321 1136 μολυκείῳ
340 1093 425 1119 non
445 1082 577 1119 multo
596 1079 749 1120 melius
766 1084 960 1134 γοργεῖον.
991 1083 1168 1132 Γοργεῖα,
1180 1077 1229 1120 τὰ
1246 1077 1412 1135 τραγικὰ
1429 1093 1553 1135 προσ·

130 1142 275 1178 murra·
315 1137 413 1181 ἔνιοι
438 1134 721 1190 μορμολύκεια·
761 1134 885 1175 verba
914 1143 1013 1174 sunt
1031 1136 1280 1188 Etymologi.
1307 1135 1463 1177 vatiam
1487 1133 1552 1175 acss

129 1202 274 1231 centus
302 1191 428 1231 habet
452 1192 671 1231 rationem.
709 1189 848 1246 γόργια
877 1190 1075 1229 dicuntur
1105 1190 1216 1244 apud
1249 1191 1437 1233 Suidam.
1477 1190 1552 1231 sed

127 1246 341 1286 sciendum
367 1261 510 1287 vocem
529 1248 642 1286 illam
661 1261 685 1286 a
705 1246 897 1286 Doribus
927 1259 1162 1297 emanasse3
1191 1245 1258 1285 illi
1277 1246 1391 1287 enim
1415 1246 1552 1299 hypo·

127 1304 322 1343 critarum
347 1317 544 1356 personas
563 1317 614 1343 eo
636 1303 808 1342 nomine
827 1302 1038 1353 dixerunt,
1068 1301 1190 1341 cuius
1207 1302 1268 1341 rei
1288 1303 1406 1342 testis
1426 1301 1548 1349 mihi,

125 1372 247 1411 quem
279 1357 396 1410 dixi,
423 1358 602 1398 Suidas:
634 1356 780 1413 Γόργια
806 1356 914 1411 παρὰ
942 1360 1138 1407 Δωριεῦσι
1163 1353 1312 1398 ω’τών
1327 1355 1551 1413 ὑποκριτῶν

123 1419 374 1467 προσωπεῖα,
400 1418 481 1455 ταῖν
501 1409 578 1455 eiad
595 1418 666 1466 τῆς
688 1419 837 1466 σκηνῆς
857 1411 1080 1468 τραγῳδῶν.
1129 1411 1267 1466 eadem
1285 1421 1327 1452 et
1342 1413 1550 1468 γοργόνεια

124 1480 235 1510 recte
255 1479 451 1508 monente
477 1471 786 1521 langermanno.
828 1483 881 1508 ne
898 1480 1035 1508 tamen
1057 1469 1101 1506 in
1123 1468 1292 1506 Polluce
1307 1478 1452 1510 nostro
1470 1470 1548 1520 IV,

128 1526 217 1566 115.
259 1525 480 1579 quicquam
510 1535 670 1564 mutare
698 1533 846 1566 tentes.
886 1538 961 1563 cur
978 1524 1088 1563 enim
1109 1523 1172 1562 ibi
1190 1520 1418 1579 γοργόὐειον
1442 1539 1547 1579 pro·

123 1581 218 1619 bum
240 1596 326 1620 non
346 1582 416 1628 sit,
446 1580 527 1619 etsi
550 1580 620 1618 bic
639 1586 821 1635 γοργεῖον
840 1579 1047 1619 scribatur
1065 1581 1182 1618 nulla
1208 1589 1270 1618 est
1290 1580 1412 1632 ratio,
1429 1595 1546 1634 prae-

123 1638 248 1688 cipue
268 1651 361 1675 cum
383 1635 633 1676 auctoritate
653 1649 736 1675 vox
753 1636 824 1675 illa
850 1649 935 1674 non
959 1643 1105 1676 careat.
1133 1641 1295 1689 γοργεῑα
1309 1649 1407 1675 vero
1425 1636 1546 1677 resti-

121 1701 258 1731 tutum
275 1692 444 1732 iverunt
460 1690 621 1730 eruditi
643 1691 725 1730 viri
758 1691 943 1730 Ciceroni
961 1690 1012 1729 ad
1033 1691 1166 1730 Ateio.
1182 1690 1261 1744 Ep.
1292 1690 1355 1735 16.
1373 1691 1446 1734 lib.
1466 1692 1542 1735 IV.

120 1748 313 1801 quomodo
335 1760 425 1801 ergo
440 1747 680 1787 absolutus?
711 1750 873 1786 omnino
891 1753 1048 1802 γοργεῖα
1066 1742 1214 1801 γυμνά·
1255 1756 1546 1788 accusatorum

121 1804 378 1843 incredibilis
395 1804 586 1855 infantia
605 1813 684 1844 etc.
725 1817 831 1857 quae
858 1803 1025 1856 quidem
1047 1803 1176 1841 lectio
1197 1815 1252 1841 cx
1273 1803 1397 1844 MSS.
1416 1802 1545 1842 adiu-

119 1870 244 1899 venta
266 1860 326 1898 ita
345 1859 426 1897 iam
442 1862 599 1912 placet,
629 1868 678 1898 ut
695 1868 860 1898 textum
880 1859 1095 1898 meliorum
1112 1856 1346 1897 editionum
1367 1872 1543 1911 oocupa-

118 1917 188 1955 rit.
222 1929 305 1971 quo
326 1924 463 1954 tamen
482 1913 523 1954 id
547 1915 702 1954 factum
726 1915 782 1953 sit
799 1928 1013 1964 successu,
1044 1912 1237 1967 equidem
1254 1912 1327 1952 hio
1347 1926 1433 1952 non
1457 1913 1542 1953 dis-

117 1971 292 2024 putabo.
339 1970 420 2009 iam
440 1971 549 2010 enim
571 1970 723 2009 erimus
738 1970 821 2010 hoc
847 1970 999 2008 catone
1020 1968 1223 2009 contenti.
1279 1968 1541 2011 Devenimus

118 2026 169 2065 ad
191 2029 443 2079 προσωπίὸα,
473 2040 594 2080 quam
612 2039 712 2065 sane
727 2039 869 2065 vocem
889 2026 952 2063 sui
970 2024 1183 2077 temporis,
1216 2033 1265 2063 ut
1282 2033 1401 2077 puto,
1433 2026 1542 2066 Pol-

118 2085 192 2122 lux
215 2082 297 2122 huc
323 2081 508 2122 intrusit.
554 2081 709 2134 pluries
731 2081 775 2119 in
795 2081 860 2119 his
881 2080 999 2119 libris
1021 2079 1064 2119 id
1083 2079 1134 2119 ab
1153 2093 1205 2119 eo
1229 2080 1399 2120 factum.
1429 2093 1536 2133 quae

117 2148 254 2178 autem
273 2139 441 2191 proprie
463 2137 657 2176 dicantur
671 2139 923 2190 προσωπίδες
942 2151 998 2176 ex
1029 2136 1123 2175 istis
1151 2136 1352 2188 Hesyclcii
1375 2134 1533 2174 disces:

118 2200 390 2246 Προσωπεῖον.
412 2191 434 2245 ἦ
449 2198 524 2235 νῦν
534 2194 753 2247 καλουμένη
770 2198 847 2234 τῶν
866 2197 1063 2247 γυναικῶν
1078 2194 1299 2246 προσωπίς-“
1328 2189 1432 2230 illud
1445 2204 1535 2242 per-

115 2265 308 2288 sonarum
338 2249 600 2288 muliebrium
633 2262 763 2303 genus
786 2249 830 2286 in
858 2251 987 2286 multo
1010 2257 1051 2287 et
1072 2247 1283 2300 frequenti
1305 2244 1532 2287 hodienum

115 2317 176 2344 est
196 2321 286 2344 usu.
343 2305 480 2344 Unica
512 2304 712 2357 posthaec
733 2319 756 2343 e
773 2304 895 2344 MSS.
923 2302 1084 2342 adiecta
1111 2303 1314 2356 particula
1341 2302 1408 2343 καὶ
1433 2315 1534 2341 οεο-

113 2375 199 2399 sum
220 2361 304 2399 loci
327 2360 437 2399 haud
463 2376 605 2414 parum
627 2360 878 2399 immutavit.
926 2373 1060 2412 neque
1079 2367 1214 2398 tamen
1235 2364 1320 2397 non
1341 2370 1533 2396 necessa-

114 2417 220 2454 rium
243 2417 328 2455 fuit
346 2416 495 2459 visum,
535 2417 579 2454 in
600 2415 890 2456 emendatione
917 2429 1015 2454 vero
1036 2417 1106 2456 τοῦ
1124 2410 1298 2456 nimium!
1314 2411 1532 2466 πρόσωπον

115 2487 206 2509 cum
227 2473 469 2510 Hoesclzelio
481 2472 641 2513 sentio:
663 2486 839 2525 persona
858 2470 1022 2510 scilicet
1036 2485 1058 2509 e
1069 2470 1220 2522 pannio
1232 2470 1441 2521 variisque
1448 2469 1532 2507 tta.-

115 2528 355 2566 teaminibus
376 2528 579 2576 confecta.

225 2585 425 2637 γοργεῐον]
456 2585 587 2637 Supra
609 2584 682 2630 lv,
706 2584 793 2626 115.
811 2580 1051 2638 γοργόνειον.
1107 2579 1185 2621 Sed
1211 2580 1261 2619 ab
1282 2579 1379 2622 Ms.
1396 2580 1530 2620 omis--
