1716 3016
249 135 332 177 954
858 133 936 176 IX.
991 136 1057 179 58.

255 243 349 284 MS.
381 242 515 283 nostri
551 243 677 282 lectio
708 246 815 282 clara
848 252 933 293 est,
964 258 1041 284 neo
1069 259 1133 284 me
1165 243 1356 286 dubitare
1381 245 1503 286 sinit.
1562 246 1673 288 Vide

257 299 395 353 itaque
422 313 604 348 mecum,
631 312 771 338 annon
802 308 843 339 et
868 300 1019 339 Suidae
1041 300 1302 340 redonandus
1329 300 1455 340 huius
1477 301 1671 342 dramatis

256 355 430 420 titulus',
475 353 589 425 apud
627 367 747 420 quem
789 354 992 396 excidisse
1026 355 1204 396 videtur.
1259 354 1418 407 Κράτης
1449 354 1674 408 Ἀθηναῖος

256 408 461 461 Κωιιικός·
492 407 540 451 οὗ
561 406 612 459 ἧν
642 407 812 479 α’δελφος
835 408 1046 459 Επίλυκος
1060 428 1225 462 ποιητης
1247 412 1365 453 ἐπῶν.
1394 410 1575 465 donipetra
1595 411 1677 454 αὐ-

257 465 328 508 τοῦ
347 462 504 513 εἰσινξ.
563 466 751 512 Γείτονες,
771 461 944 518 ”Ηυωες,
974 465 1141 534 Ἀηςιία,
1171 466 1330 520 Λάμια,
1363 468 1561 518 Ποδῆται.
1590 467 1676 510 Σά-

255 534 353 575 μιοι·
381 519 530 574 ἔγραψε
550 521 594 562 δὲ
610 522 678 562 και
693 521 961 574 καταλογάδην
987 522 1089 564 tomi·
1118 524 1178 562 ait
1195 526 1293 564 εἰσιν
1313 519 1354 570 ζ’.
1385 522 1430 561 id
1447 533 1521 574 est,
1553 533 1673 577 puto,

258 585 437 628 septem:
463 584 505 614 et
533 585 668 615 tamen
700 590 771 616 sex
798 580 943 616 saltem
969 588 1192 618 enumerat.
1225 578 1412 631 quamvis
1437 579 1577 628 eqalia
1601 577 1677 616 ad-

257 632 341 671 huc
372 629 484 685 apud
514 632 724 670 Pollucem
754 634 947 685 legantur
981 633 1184 682 Cratetis,
1216 642 1264 671 ut
1290 633 1462 685 Ἑορταῖ,
1492 643 1542 673 ut
1561 639 1677 676 Παι-

258 688 365 729 διαί·
393 701 488 725 nam
520 687 854 740 Παρακαταθηκη
879 691 1007 743 vulgo
1038 689 1228 742 quidem,
1254 687 1326 727 sed
1356 690 1400 727 in
1432 689 1526 731 MS.
1558 691 1679 729 Sosi-

257 745 369 781 crati
391 741 659 796 tribuuntur,
693 752 736 783 et
758 743 871 811 apud
894 744 1110 796 Aristoph.
1138 744 1354 783 Scholiast.
1385 744 1430 783 iu
1455 745 1674 812 Νεφέλαις,

258 797 332 836 ubi
352 797 403 837 de
420 797 619 850 Amym'a.
646 773 839 850 Κράτης
860 798 940 841 δὲ’
919 817 959 841 εν
978 800 1198 863 Δεῤῥίφοις
1216 816 1270 847 ως
1286 796 1455 849 ᾰλᾶζονα
1470 803 1539 843 και
1557 796 1675 843 “6202-

257 870 310 896 κα
337 851 601 906 συκοφάντην·
642 854 727 893 nisi
754 853 905 893 leviter
931 855 1132 907 suspicari
1160 854 1307 902 liceat,
1341 855 1380 893 si
1400 857 1512 895 forte
1537 855 1598 894 ibi
1617 858 1677 895 le·

258 908 437 964 gendum
466 915 507 951 K
508 925 668 962 ραιινος
688 911 730 952 δὲ
751 911 793 951 ἐν
812 909 1031 962 Σεριφίοις.
1087 910 1171 951 Pro
1194 908 1363 959 ποδῆται
1389 919 1527 952 antem
1544 911 1677 961 Πεδῆ-

257 981 326 1007 ται
342 962 564 1018 legendum
583 963 765 1008 videtur,
821 965 948 1005 Iuno

365 1021 447 1068 τοῖς
466 1018 823 1086 Κρατιτοστόλαις]
872 1018 992 1073 Quae
1030 1033 1131 1060 vero
1158 1021 1342 1060 malum?
1379 1020 1452 1060 hic
1476 1029 1679 1074 apparent

258 1072 600 1129 Koaraerootdloa?
626 1089 754 1130 apage
774 1089 864 1114 cum
897 1074 1036 1114 isthoc
1058 1076 1203 1140 spurio
1230 1075 1440 1116 vocabulo
1455 1076 1507 1116 ad
1528 1077 1678 1128 Cyno-

258 1144 419 1185 sarges,
450 1139 575 1185 atque
594 1145 725 1184 ocyus
749 1145 802 1170 ex
823 1130 943 1171 MSS.
971 1131 1170 1178 restitue,
1202 1131 1315 1186 quod
1336 1141 1379 1171 et
1393 1131 1676 1172 Doctissimus

259 1187 479 1226 Kuehniae
516 1186 693 1233 fecerat,
733 1188 821 1234 ταῖς
848 1181 1058 1239 Κράτητος
1095 1186 1285 1240 Τόλμαις·
1322 1196 1366 1227 et
1403 1186 1508 1228 bene
1537 1187 1677 1239 habet,

262 1240 376 1296 quod
403 1241 578 1280 Cratetis
607 1240 788 1280 fabulam
808 1255 895 1280 non
914 1242 973 1281 ita
999 1242 1045 1281 in
1065 1245 1195 1296 vulgo
1212 1251 1355 1281 notam
1383 1242 1604 1282 restituere
1617 1242 1679 1280 li·-

261 1306 366 1338 c.eat
407 1297 559 1336 scimus
582 1296 675 1360 quis
709 1297 765 1335 sit
795 1297 951 1346 Crates,
983 1298 1329 1350 meminimusque
1353 1297 1508 1336 alicubi
1530 1296 1677 1336 harum

261 1352 306 1392 in
327 1353 543 1391 Pollucem
560 1351 846 1390 stricturarum
871 1351 922 1391 de
942 1366 991 1392 eo
1013 1351 1189 1392 dixisse:
1213 1352 1286 1392 sed
1305 1351 1394 1393 eius
1415 1351 1559 1392 fabula
1581 1349 1678 1394 To'z·

259 1425 334 1463 μαι
350 1421 456 1462 quae
478 1407 668 1461 qualisve
697 1406 754 1446 sit
771 1407 963 1472 amplius
968 1417 1030 1448 est
1051 1408 1342 1461 quaerendum.
1398 1406 1515 1461 Quin
1542 1416 1585 1448 et
1600 1408 1680 1447 In-

259 1463 433 1527 terprefi
463 1472 620 1511 nostro,
652 1477 675 1501 a
699 1475 782 1516 quo
813 1462 1018 1503 rarissime
1035 1462 1138 1502 boni
1159 1462 1261 1516 quid
1282 1473 1502 1516 expectes,
1534 1462 1677 1502 mendi

261 1517 404 1573 quid
393 1532 436 1556 ιιι
468 1518 668 1558 hocloco
689 1517 900 1569 suboluit‚
929 1527 972 1558 et
990 1518 1324 1558 emendationem
1353 1531 1523 1572 quoque
1556 1532 1678 1558 ausus

260 1583 337 1624 est,
367 1573 441 1614 sed
460 1587 566 1628 quae
590 1575 707 1613 nullo
732 1573 909 1613 tibicine
933 1573 1115 1614 nitatur.
1145 1573 1218 1613 ubi
1239 1573 1354 1614 enim
1367 1583 1580 1612 auctorum
1599 1573 1676 1612 ho·

259 1629 365 1668 mini
396 1627 473 1667 sub
507 1631 652 1669 oculos
681 1638 887 1669 venerunt
918 1628 1083 1668 Cratini
1113 1629 1285 1670 Stolae?
1324 1627 1558 1669 Subiicitur
1587 1638 1677 1668 tum

265 1685 440 1723 Cratetis
476 1684 736 1734 versiculus,
772 1697 893 1738 quem
922 1685 1036 1724 varie
1070 1694 1311 1749 corruptum
1331 1683 1382 1723 ad
1403 1682 1524 1724 MSS.
1554 1682 1678 1724 fidem

260 1741 490 1779 Kuehniam
521 1740 564 1778 in
590 1739 799 1793 plerisque
825 1740 996 1793 sequuti
1025 1740 1295 1780 restituimus.
1341 1739 1402 1780 ita
1429 1741 1557 1805 vulgo
1579 1748 1677 1778 ante

260 1809 338 1835 nos
357 1797 511 1834 lectum
531 1795 630 1846 fuit,
657 1812 797 1847 πρωτα
810 1796 880 1848 μὲν
898 1797 1145 1845 ταλανταῖος,
1177 1795 1220 1844 ὅς
1235 1814 1274 1838 τι
1291 1794 1403 1837 ἔσται
1421 1790 1554 1836 av'wv
1571 1794 1678 1843 ἅδη-
1714 1819 1716 1830 2

260 1855 329 1893 λον
345 1851 411 1905 λέγ
413 1861 451 1892 ε·
475 1850 740 1917 postmodum
761 1853 837 1893 εἴτε
856 1849 1007 1903 τροπήν
1029 1852 1180 1891 vitiose
1201 1851 1299 1900 fuit,
1327 1851 1371 1896 in
1397 1848 1516 1888 cuins
1535 1851 1674 1888 locum

259 1907 472 1945 Kuehm'us
491 1904 653 1944 dedit‘
628 1923 766 1956 pomp,
799 1919 881 1959 quo
899 1906 1023 1946 modo
1045 1916 1088 1946 et
1115 1883 1373 1946 eruditoium
1390 1904 1582 1959 princeps
1598 1906 1677 1944 Io-

259 1963 369 2013 seph.
409 1962 598 2013 Scaliger
630 1962 676 2000 in
704 1961 850 2001 libello
892 1962 1203 2002 Commentario
1241 1960 1292 2001 de
1331 1961 1396 2000 Re
1433 1959 1680 1998 Nummnrin

261 2016 465 2071 agnoscit.
502 2014 615 2069 quod
643 2015 769 2069 ῥοπην
798 2015 868 2055 hie
893 2020 1074 2070 appellnt
1093 2018 1270 2067 Pollux,
1300 2016 1374 2056 alii
1395 2012 1514 2065 ὅλκην
1534 2013 1678 2054 dicere

260 2075 424 2122 solent,
451 2071 851 2126 intelligendumque
886 2071 937 2112 de
967 2071 1176 2126 pondere‚·
1205 2075 1296 2111 vult
1326 2070 1438 2112 enim
1456 2069 1638 2115 Pollux
1626 2083 1679 2115 in.

261 2128 424 2167 incerto
461 2140 575 2176 esse,
627 2141 781 2166 numne
812 2128 952 2166 Grates
984 2128 1163 2181 pretium
1196 2126 1452 2168 intellexerit
1482 2138 1680 2167 nummu-

259 2183 381 2229 rium,
413 2196 465 2221 sn
484 2196 581 2222 vero
601 2183 742 2234 potius
763 2183 942 2235 pondus,
973 2198 1065 2222 cum
1091 2197 1190 2222 usus
1210 2193 1273 2222 est
1297 2195 1398 2222 voce
1415 2182 1681 2229 toeioenm‘t'oez

258 2253 324 2278 me
353 2237 467 2291 quod
501 2236 681 2289 adtinet,
719 2237 844 2278 facile
872 2238 916 2277 in
953 2238 1132 2277 Cratetis
1169 2241 1264 2282 loco
1299 2238 1550 2278 ταλαντιαιον
1577 2234 1681 2288 oapi·

258 2307 381 2346 posse
409 2306 615 2342 censeam,
645 2269 681 2332 si
712 2291 814 2346 quid
844 2292 889 2331 in
921 2292 988 2332 his
1005 2292 1163 2332 censeri
1185 2306 1233 2332 sc
1257 2301 1349 2332 tuto
1370 2292 1506 2345 possit
1526 2290 1686 2350 statui&

258 2348 332 2386 ubi
352 2348 537 2402 priorum
560 2348 920 2402 posteriorumque
947 2362 1082 2388 rerum
1103 2350 1311 2401 sequelam
1330 2347 1584 2409 ignoramus,
1617 2345 1641 2384 d

256 2403 418 2442 homine
443 2405 571 2442 divite
600 2417 648 2443 ae
677 2405 888 2455 opulento,
926 2403 1113 2456 adeoque
1142 2402 1192 2441 de
1224 2403 1360 2455 pretio
1395 2401 1552 2454 potius.
1591 2412 1681 2443 neo»

254 2461 428 2497 multum
461 2458 627 2499 diverso
658 2472 783 2498 sensu
812 2468 874 2497 est
910 2458 1022 2511 apud
1042 2460 1306 2500 Aristotelem
1334 2457 1563 2496 Oeconom.
1593 2453 1679 2504 lib„

255 2527 414 2567 11.⁶⁸P·
444 2526 482 2554 2
517 2513 678 2569 ἐγγύους
705 2514 950 2564 καταστῆσαι
977 2517 1275 2562 ταλαντιαίους,
1305 2513 1453 2550 divites
1485 2525 1536 2550 ac
1561 2523 1608 2561 op
1661 2547 1675 2553 ..

254 2570 385 2609 lentos
415 2575 660 2610 constituere
683 2571 832 2623 vades,
873 2584 1045 2623 quorum
1071 2583 1158 2622 opes
1184 2569 1243 2607 ad
1258 2571 1476 2608 minimum
1496 2579 1619 2620 aeque
1646 2586 1670 2615 ,v
