1690 2996
182 109 287 150 1316
796 105 849 146 X.
910 110 973 150 18.

176 215 228 260 θ’
257 216 410 267 villain
442 215 514 255 illa
545 216 824 269 posteriorum
856 231 1005 258 vocum
1032 217 1146 258 labes
1178 217 1349 274 ingenia
1382 216 1599 258 doctorum

178 271 411 312 devexavit.
462 270 566 310 mibi
607 272 725 312 venit
755 273 799 311 in
826 271 1001 313 mentem
1027 272 1243 313 emendare
1271 270 1449 324 κύκλων,
1495 287 1602 327 quae

177 341 265 367 mea
303 326 519 366 restitutio
557 327 668 380 quod
705 331 908 368 calculum
937 330 1082 368 tulerit
1110 329 1384 369 eruditissimi
1411 329 1602 383 mihique

176 382 371 436 inprimis
391 381 631 420 amicissimi
649 384 860 423 Lederlim‘
879 398 1039 423 summo
1061 399 1184 435 opere
1202 384 1380 439 gaudeo.
1419 384 1490 424 sed
1510 399 1602 424 me·-

175 439 230 478 tri
254 448 390 477 tamen
415 436 646 477 habendam
677 453 764 479 esse
796 440 1000 479 rationem
1031 439 1178 488 video,
1210 439 1324 494 quod
1355 454 1409 480 ne
1435 440 1480 479 in
1503 454 1600 479 cor-

175 503 298 546 rupta
340 491 508 546 quidem
538 494 720 534 lectione
752 499 987 549 neglectum
1023 505 1100 535 est.
1129 496 1264 535 scribe
1294 495 1448 550 igitur:
1475 514 1530 526 -—
1554 493 1601 538 w*

173 551 335 591 παιδίον
362 545 415 590 Τό
441 547 752 602 πολλαγὸρασον,
781 549 890 605 mitro*
918 552 1072 593 πολλῶν
1095 549 1141 601 δὴ
1165 549 1334 593 κύκλων.
1389 551 1600 591 Kuaehnius

175 604 290 644 haud
318 603 461 656 inepte
489 606 655 655 τηλιῶν,
687 606 799 660 quod
827 609 862 646 si
883 607 975 661 quis
994 607 1112 659 sequi
1132 607 1346 658 maluerit,
1375 621 1460 646 non
1481 606 1599 660 equi-

177 660 269 699 dem
295 673 372 713 pro
397 673 487 698 mea
511 661 715 714 opinione
738 661 945 702 obstinate
973 661 1273 716 propugnabo‚
1304 661 1374 702 sed
1395 675 1442 702 ea
1462 670 1598 702 tamen

174 718 268 770 lege
291 725 339 754 ut
358 714 479 754 aliter
505 729 553 755 ea
589 730 672 756 vox
702 717 984 771 intelligatur,
1014 727 1138 772 atque
1165 731 1189 756 a
1216 718 1406 758 Kuehnio
1434 725 1497 757 est
1517 731 1599 756 ex-

173 771 324 825 posita.
373 769 473 809 audi
513 771 772 811 Scholiasten
804 774 1101 823 Aristophanis
1125 771 1175 811 ad
1204 775 1375 812 Plutum
1398 787 1439 813 v.
1480 772 1596 813 1058.

173 828 241 869 καὶ
259 825 308 876 δή
326 828 394 868 καὶ
419 826 532 874 ἰδίως
546 829 724 871 ἐκαλεῖτο
736 830 850 878 τηλία
867 832 1122 882 περίαραγμα
1141 831 1312 870 σανίδων
1330 830 1374 870 ἓν
1393 826 1442 885 ²3²-
1458 825 1599 882 α’γορᾷ,

173 883 217 926 ἑν
250 881 282 936 ᾤ
309 883 458 932 ἄλφιτα
486 882 784 934 ἐπιπράσκοντο.
823 884 1057 922 consimilia
1083 894 1203 924 notat
1231 883 1282 923 ad
1315 884 1493 936 Vespas,
1523 897 1598 922 nec

174 938 225 978 ab
250 952 299 977 eo
323 937 396 975 alii
427 937 683 977 dissentiunt
702 939 985 978 Grammatici.
1025 939 1189 978 facilem
1218 939 1297 977 iam
1325 952 1412 978 esse
1431 952 1596 978 sensum

173 993 394 1040 existim05
434 1007 511 1031 nec
539 993 764 1047 quicquam
798 1008 903 1048 opus
926 1003 1011 1044 est,
1040 1004 1088 1033 ut
1115 992 1166 1034 de
1192 994 1414 1034 iuvenibus
1434 991 1597 1047 ὄρτυγο-

171 1048 334 1102 τρόᾳοις
372 1049 620 1101 cogitemus.
662 1049 745 1088 hoc
787 1049 1069 1104 quodcunque
1108 1048 1462 1105 digressiunculae
1492 1047 1597 1087 mihi

173 1103 433 1144 condonabit
452 1118 608 1157 aequus
628 1108 771 1145 lector.
827 1108 930 1147 Post
948 1105 1142 1144 Alexidis
1161 1115 1296 1145 autem
1321 1103 1445 1145 verba
1465 1104 1596 1143 muti-

171 1163 255 1200 lum
289 1173 376 1199 esse
402 1161 585 1198 Pollucis
617 1171 859 1200 contextum
888 1160 1079 1215 plerique
1107 1161 1240 1200 nostri
1266 1160 1389 1200 MSS.
1427 1159 1595 1199 demon-

171 1224 316 1266 strant,
349 1224 397 1253 ut
426 1215 500 1268 qui
524 1215 753 1258 subiiciant
774 1217 943 1268 Diphili
970 1216 1247 1262 mentionem.
1277 1215 1396 1255 cuius
1433 1217 1594 1254 nullum

171 1281 234 1312 est
266 1272 312 1309 in
343 1269 469 1311 editis
502 1272 748 1326 vestigium:
778 1274 1021 1324 σαφέστερον
1049 1274 1092 1315 δὲ
1108 1274 1150 1314 ἐν
1174 1289 1194 1312 r
1215 1272 1234 1282 ”
1253 1270 1495 1323 Μαινομένῳ
1514 1273 1595 1314 Δι’-

170 1332 297 1381 φιλος.
368 1340 446 1368 uae
472 1340 570 1365 sane
591 1326 826 1367 reducenda
853 1329 896 1366 in
919 1327 1134 1382 pristinam
1154 1341 1197 1367 se
1228 1341 1290 1366 em
1313 1326 1484 1380 putavi,
1514 1340 1594 1365 au-

171 1393 285 1422 ctore
308 1341 364 1420 nill
380 1395 469 1420 eam
488 1396 571 1437 rem
591 1396 690 1421 usus
713 1385 917 1433 Kuehm'o,
950 1383 1022 1437 qui
1039 1384 1099 1422 sic
1117 1381 1168 1422 ad
1190 1382 1256 1422 sui
1278 1380 1449 1421 Codicis
1478 1395 1590 1420 oram

169 1438 369 1492 apposuit
415 1436 647 1479 inserenda.
731 1440 872 1493 Ipsum
914 1453 1010 1478 vero
1050 1438 1222 1490 Diphili
1257 1440 1394 1477 locum
1433 1450 1457 1476 o
1492 1437 1591 1476 tima

169 1493 493 1545 Fatckenburgii
517 1495 725 1546 Excerpta
761 1503 1084 1543 conservarunt,
1132 1492 1203 1534 sed
1237 1493 1295 1532 ita
1324 1450 1590 1532 defoedpatum

170 1559 213 1590 ct
240 1550 411 1588 maculis
441 1548 673 1603 insignem,
720 1560 769 1590 ut
802 1551 846 1589 in
877 1564 927 1590 eo
965 1550 1091 1589 ferme
1129 1562 1207 1590 nec
1237 1558 1362 1602 caput
1399 1547 1592 1588 invenire

171 1618 313 1659 queas,
345 1618 421 1644 nec
438 1604 622 1643 caudam.
661 1615 822 1654 totum,
856 1616 904 1645 ut
928 1605 989 1644 ibi
1010 1604 1186 1659 legitur,
1215 1602 1465 1649 adscribam,
1496 1601 1592 1642 etsi

171 1660 273 1715 quid
295 1659 388 1714 opis
408 1674 430 1699 a
449 1674 513 1700 me
531 1661 713 1701 conferri
733 1661 867 1716 possit
880 1691 892 1711 ‚
921 1659 1185 1715 postmodum
1205 1659 1418 1713 experiar:
1445 1659 1593 1711 Σαφέ-

170 1731 309 1771 στερον
328 1718 369 1757 δὲ
389 1718 431 1759 ἐν
449 1716 503 1770 τῷ
521 1718 765 1772 Μαινομένῳ
784 1720 955 1771 Λίᾳιλος
987 1718 1052 1759 καὶ
1073 1716 1232 1769 προσέτι
1253 1717 1383 1758 τοίνυν
1402 1709 1590 1771 goztivar,

170 1774 236 1815 arai
254 1773 323 1814 νῦν
345 1769 488 1821 κάδον.
522 1771 749 1828 στρώματα·
778 1772 916 1821 συνόν,
946 1771 1174 1822 οἷσκόπηρα·
1205 1770 1412 1819 θύλακον,
1441 1770 1495 1819 ὥς
1514 1787 1592 1813 που

167 1826 408 1882 στρατιώτην
437 1827 487 1868 ἄν
514 1845 593 1880 τις,
622 1827 728 1871 daza?
754 1832 824 1872 καῖ
851 1827 992 1872 κύκλον
1011 1831 1054 1871 ἐκ
1072 1826 1140 1878 ιῆς
1160 1824 1454 1895 ἀχορᾶς-ὀρθόν
1469 1828 1594 1878 βαδί-

167 1888 264 1934 ζειν·
295 1878 487 1934 ιῖπολᾶβοι
506 1885 687 1934 τοσοῦτος
703 1884 796 1928 ἔσθ’
810 1884 834 1928 ὁ
853 1887 997 1936 ῥῶπος,
1025 1884 1122 1926 ὅσον
1142 1900 1192 1926 συ
1210 1879 1439 1934 περιφερής.
1480 1881 1590 1920 Ante

168 1954 269 1979 vero
289 1953 410 1995 quam
433 1938 765 1980 emendationem
785 1942 869 1980 loci
891 1939 1120 1996 aggrediar,
1155 1946 1440 1993 argumentum
1461 1937 1590 1976 fabu-

166 1997 256 2042 lae,
289 2003 492 2048 quantum
522 1995 612 2034 eius
631 2010 652 2034 a
676 1996 799 2035 nobis
821 1996 908 2036 fieri
928 2006 1093 2050 potest,
1124 1993 1319 2049 persequi
1339 1993 1382 2032 in
1405 1992 1588 2032 animum

169 2050 341 2099 induxi,
382 2060 430 2089 ut
460 2063 510 2088 eo
538 2050 729 2097 facilius,
770 2051 852 2091 hoc
881 2061 1125 2105 perspecto,
1155 2059 1278 2106 atque
1305 2046 1588 2088 confirmatius

168 2106 220 2148 de
251 2116 341 2147 tota
366 2119 409 2145 re
436 2114 626 2146 constare
649 2107 798 2159 possit.
853 2107 1022 2146 Titulus
1050 2107 1095 2145 iu
1127 2120 1210 2146 rem
1233 2113 1490 2158 praesentem
1508 2116 1587 2142 nos

169 2160 314 2203 ducit:
345 2158 598 2213 Moemipnov
626 2174 700 2202 seu
723 2160 978 2200 Delirantem
1007 2176 1097 2200 cum
1124 2161 1329 2213 Diphilus
1359 2158 1588 2211 inscripse-

170 2220 250 2269 rit,
281 2217 455 2257 dubium
484 2230 568 2256 non
603 2226 686 2267 est,
723 2218 824 2271 quin
857 2218 929 2257 ille
958 2218 1052 2256 talis
1079 2217 1248 2270 primam
1280 2213 1413 2269 egerit
1433 2213 1478 2252 in
1509 2212 1588 2252 hae

169 2275 310 2314 fabula
335 2286 564 2327 personam.
602 2273 770 2311 insanus
794 2273 886 2321 iste,
918 2283 964 2311 ut
987 2282 1107 2323 puto,
1135 2270 1327 2324 plurima,
1355 2281 1463 2323 quae
1479 2267 1589 2307 nibil

171 2330 395 2385 quicquam
431 2326 482 2367 ad
510 2342 603 2368 eum
634 2327 898 2379 adtinebant‚
927 2325 1086 2366 efficere
1116 2325 1307 2380 parabat,
1337 2322 1588 2377 domumque

169 2400 282 2426 suam
304 2388 455 2424 multas
487 2397 550 2423 res
579 2384 623 2423 in
656 2384 750 2422 foro
778 2392 957 2422 coemtas
996 2381 1252 2434 deportabat.
1292 2387 1335 2419 et
1362 2377 1470 2418 banc
1496 2378 1587 2417 eius

170 2441 394 2480 stultitiam
422 2438 607 2479 adfuisse
635 2439 740 2478 alios
770 2438 843 2492 qui
866 2438 1058 2477 foverent
1075 2446 1116 2477 et
1132 2436 1285 2476 sensim
1305 2433 1587 2483 accenderent,

170 2511 254 2535 non
289 2496 402 2535 omni
436 2505 547 2535 caret
576 2493 668 2534 fide.
698 2494 838 2547 potuit
866 2493 1055 2544 profecto
1076 2491 1150 2531 sub
1172 2491 1253 2531 hoc
1272 2493 1365 2530 velo
1385 2490 1587 2541 Diphilus

171 2552 380 2607 eleganter
410 2561 450 2591 et
472 2553 605 2591 facete
625 2552 849 2590 multorum
869 2547 1082 2589 homiuum
1102 2546 1333 2602 potentiam
1356 2555 1398 2586 et
1413 2545 1587 2586 insana-
