1630 2976
187 157 294 198 1932
461 149 820 191 BENTLEII
848 150 1269 193 EPISTOLAE.

189 265 361 319 libram
398 263 635 303 Siculorum
662 261 853 316 pondus,
893 264 1051 303 Poetae
1075 252 1240 305 Comici
1259 262 1537 306 Athenienses

188 322 367 374 στατῆρα
383 321 637 387 pominant·
621 348 634 368 ,
668 320 903 374 etligonem
924 318 1180 374 πεντάλιτρον
1190 321 1420 362 Sosicrates
1431 320 1538 360 dixit

188 372 526 432 πενταστοῖτηρον.
583 374 713 416 vides
738 375 809 415 hic
835 376 1066 415 secundum
1099 377 1314 416 Pollucem
1345 385 1537 417 staterem

187 433 263 488 (de
280 432 465 485 pondere
485 431 666 484 dictum)
686 433 824 471 valere
845 432 1006 484 libram,
1036 433 1195 487 Mrem-3
1227 432 1273 471 in
1291 435 1424 472 altero
1444 434 1538 471 loco

188 491 326 528 valere
349 488 526 538 minam,
554 485 668 541 μνᾶν.
725 487 1000 539 Rectissime,
1030 489 1190 542 quippe
1211 488 1255 527 in
1278 486 1537 541 ponderibus

187 548 304 596 λίτρα
323 545 558 584 Siculorum
585 542 695 582 idem
718 541 881 582 valebat
898 543 1012 596 quod
1034 545 1117 597 μνᾶ
1137 543 1384 584 Atticorum.
1444 543 1538 582 Hoc

187 601 467 641 certissimum
479 609 554 649 est,
574 599 910 652 quiautrumque
927 609 1009 638 tam
1035 603 1163 646 ηιίηα,
1187 613 1311 652 quam
1331 598 1443 638 libra
1462 597 1532 638 du-

187 656 309 696 cebat
331 656 430 695 olim
455 654 621 707 pondus
643 665 810 695 centum
830 653 1116 695 drachmarum
1138 655 1229 694 sive
1245 653 1533 695 denariorum:

184 723 233 750 ut
252 713 331 750 alia
354 719 595 764 argumenta
605 713 842 762 etexempla
853 720 1024 750 taceam.
1055 713 1134 761 Tu,
1154 709 1483 762 virdoctissime,
1499 709 1534 749 si

184 767 365 821 Anglice
394 766 499 816 scis,
537 765 590 806 de
616 767 732 820 λίτρα
760 775 803 806 et
826 766 976 806 ceteris
994 766 1174 806 nummis
1195 764 1535 824 ponderibusque

123 824 433 869 &Siculorum
464 824 592 861 multa
619 835 728 863 nova
747 821 928 875 reperies
950 822 994 860 in
1017 822 1311 862 dissertatione
1327 831 1470 862 nostra
1486 820 1536 860 de

176 878 380 933 Epistolis
402 876 649 916 Phalaridis.
706 878 795 916 Iam
812 876 863 916 ad
882 878 1136 930 proximum,
1161 877 1213 917 de
1227 890 1312 943 quo
1331 878 1533 927 consulis,

176 938 316 976 locum
341 934 514 1002 accedo,
530 934 605 1000 qui
626 934 687 972 sic
705 933 829 973 habet
850 934 927 982 IX,
951 946 1017 987 70.
1072 932 1144 976 Ἐν
1163 936 1245 982 τοῖς
1261 929 1535 1000 Ἀριστοφων-

176 1008 245 1040 τος
274 987 466 1042 Διδύμοις
486 988 514 1039 ἦ
529 986 742 1043 Ουλαύρῳ,
772 992 853 1039 vel,
883 999 932 1028 ut
955 991 1082 1031 MSS.
1104 987 1354 1044 Διδυμαις“
1326 1008 1350 1040 η
1370 986 1535 1042 Πυραυ·

178 1053 256 1102 λῳ;
281 1061 458 1100 quorum
479 1055 706 1099 utrumque
725 1045 970 1085 mendosum
990 1059 1080 1086 esse
1100 1046 1200 1085 satis
1221 1054 1409 1085 constat·
1396 1044 1532 1101 ‚quid

177 1089 469 1156 reponendum
490 1102 566 1149 sit,
600 1116 693 1140 cum
723 1115 928 1156 nusquam
961 1101 1064 1140 alibi
1086 1102 1241 1142 citetur
1259 1096 1363 1141 haec
1378 1101 1536 1153 fabula,

181 1168 296 1199 certo
319 1157 426 1196 scire
445 1157 563 1195 nefas
582 1167 657 1196 est.
716 1158 893 1208 Poteris,
914 1158 1119 1212 Πυλωρῳ,
1140 1159 1345 1205 Ιαηίεονες
1377 1158 1536 1212 poteris

182 1212 496 1268 Πυραύνῳείνο
519 1211 737 1267 Πυρδάλῳ,
767 1213 850 1252 hoc
871 1222 947 1263 est,
975 1213 1206 1269 χυτρόποδι,
1236 1215 1422 1266 Batilto,·
1454 1227 1530 1268 po-

180 1272 282 1311 teris
304 1266 527 1322 Πυθαυλη,
553 1270 780 1321 Pythaula.
813 1268 894 1309 Sed
913 1269 996 1309 hoc
1010 1269 1212 1310 hariolari
1236 1279 1325 1321 est,
1354 1269 1531 1324 primum

179 1335 318 1365 tamen
349 1325 482 1378 magis
520 1324 689 1364 arridet.
749 1325 919 1365 Tertius
951 1328 1072 1364 locus
1104 1334 1168 1364 est
1194 1325 1273 1371 ΙΧ,
1332 1325 1390 1368 5.-
1417 1328 1531 1392 Φησὶ

177 1383 271 1437 γοῦν
307 1383 351 1423 ἓν
383 1382 466 1428 τοῖς
496 1378 840 1434 Ἀποφθέγμασιν
870 1380 895 1422 o‘
927 1382 1211 1432 Καλλισθένης
1243 1398 1325 1425 vno
1362 1376 1534 1450 Εὗβού-

178 1443 251 1481 λου
289 1436 361 1479 τοῦ
392 1434 653 1502 Ἀεαρινείτυυ
690 1453 759 1479 τον
797 1452 964 1486 ποιητην
1002 1439 1204 1505 Περσῒνον
1242 1433 1531 1507 οἷμελούμενον,

179 1496 236 1541 εἷς
267 1491 509 1543 Μιτυλήνην
538 1487 794 1538 αἰιελθᾶντα,
837 1491 1094 1544 θαυμάζοντα
1121 1490 1297 1560 γράψαι,
1328 1492 1432 1537 διότι
1460 1494 1531 1544 τοῖς

183 1547 440 1597 Φωκαὶδας”
414 1565 514 1603 εχων
532 1546 659 1597 ἦλθεν
677 1549 828 1598 ’‘idion'’
806 1545 1072 1604 ενΜιτυλήνῃ
1082 1551 1233 1601 μᾶλλον
1250 1567 1275 1600 η
1295 1551 1338 1592 ἐν
1345 1546 1530 1604 ’Ardone

177 1603 454 1651 wazumaitul,
473 1604 547 1659 qui
564 1604 651 1644 levi
675 1619 802 1644 manu
823 1605 962 1643 sanari
980 1614 1143 1659 potest;
1173 1609 1530 1660 1εςθ,Φωκαῖ-δας,
1561 1651 1564 1655 ,

178 1661 229 1711 ἃς
248 1661 348 1716 ἔχων
366 1658 509 1712 ἦλθεν,
541 1660 774 1710 ἥδιον-ἐν
792 1658 990 1713 ’Λιαρνεῖ
1037 1661 1094 1700 Et
1120 1662 1327 1701 sententia
1340 1672 1415 1711 est,
1439 1665 1526 1704 Cal-

178 1718 380 1758 listhenes
403 1725 543 1756 narrat
569 1716 812 1766 Persiuum,
842 1717 893 1755 ab
915 1715 1086 1756 Eubulo
1109 1726 1317 1771 spretum,
1347 1717 1527 1772 Mityle-

179 1788 273 1813 uam
302 1773 477 1824 abiisse5
517 1782 642 1827 atque
672 1772 1040 1812 ibimirabundum
1058 1773 1298 1826 scripsisse,
1327 1774 1455 1828 Quod
1472 1777 1526 1816 li·

178 1829 348 1869 bentius
370 1838 624 1882 permutaret
640 1829 753 1879 (sive
765 1828 808 1867 in
829 1828 990 1867 victum
1012 1828 1289 1882 impenderet)
1300 1829 1512 1873 Phocaeen

180 1899 243 1925 ses
267 1899 373 1939 quos
401 1898 538 1924 secum
570 1885 718 1924 attulit
736 1898 949 1936 nummos,
979 1884 1234 1937 Mitylenae,
1264 1899 1388 1940 quam
1408 1887 1523 1927 Atar—

178 1956 284 1992 neo‚·
327 1940 411 1980 hoc
443 1951 526 1987 est,
557 1954 600 1979 se
630 1940 762 1994 magis
787 1955 839 1979 ex
870 1940 1000 1979 animi
1031 1940 1238 1980 sententia
1272 1941 1412 1982 vivere
1446 1942 1527 1987 hic.

180 2011 303 2050 quam
335 1997 439 2037 illic.
498 1997 631 2036 Recte
675 1998 894 2044 Φωκαΐδας
927 2010 980 2036 ex
1014 1991 1138 2037 MSS.
1178 2010 1264 2036 non
1305 2001 1525 2050 Φωκαιτας.

179 2052 366 2106 Hesych.
411 2055 586 2101 Φωκαΐς.
613 2052 756 2119 ,ὄνομα
789 2050 953 2100 ἔθνους,
986 2055 1056 2094 καῖ
1078 2050 1125 2095 τό
1149 2050 1333 2097 κάκιστον
1351 2059 1524 2109 χρυσίον

177 2109 298 2163 Lege
319 2123 418 2147 vero
437 2107 652 2162 Ἀταρνεῖς
675 2123 767 2147 nam
790 2122 942 2147 nomen
965 2107 1108 2146 urbis’
1110 2107 1325 2159 Λιαυνρῦς
1355 2111 1524 2151 DePer.

179 2164 274 2203 sino
310 2164 419 2203 nibil
449 2164 646 2217 comperi.
707 2164 911 2230 Sequitur
944 2162 1106 2204 Cratini
1138 2167 1259 2204 locus
1281 2179 1304 2205 a
1328 2165 1524 2206 Salmash

179 2229 366 2259 tentatus
388 2220 466 2269 IX,
484 2233 551 2275 99.
582 2222 837 2263 Πανδιονίδα
859 2217 1010 2266 πόλεως·
1030 2221 1241 2272 βασιλέως
1261 2220 1523 2276 τῆςὲριβωλα

178 2293 247 2324 noc
264 2294 298 2318 οι
288 2275 379 2318 ’σθ’
396 2275 443 2325 ἢν
462 2279 634 2330 λέγομεν,
661 2277 728 2318 καὶ
747 2273 847 2318 κύνα
864 2292 928 2316 και
920 2273 1067 2324 πολιν
1097 2275 1380 2328 &anetigavam
1438 2279 1508 2318 Nu

178 2346 311 2370 melos
330 2331 400 2370 bic
424 2333 685 2385 Anapaestos
709 2331 855 2379 video,
888 2345 972 2384 quo
991 2332 1225 2372 certissimo
1244 2332 1316 2373 filo
1335 2348 1388 2374 ex
1407 2342 1524 2375 tene

178 2386 263 2425 bris
289 2387 356 2426 his
388 2387 591 2441 expedire
620 2402 684 2428 me
714 2401 836 2441 posse
864 2385 1022 2427 videor
1083 2388 1215 2454 Lego
1233 2389 1376 2442 itaque
1402 2399 1445 2430 et
1474 2390 1522 2429 ad

177 2456 319 2481 versus
351 2442 520 2496 redigo:
560 2446 828 2491 Πανδιονίδα,
864 2439 1018 2491 πόλεως
1042 2443 1260 2510 βαονιλεῧ,
1279 2445 1358 2495 Τῆς
1389 2445 1518 2499 ἔρικώ

178 2502 317 2547 λακος,
348 2459 467 2541 olofig
484 2517 534 2550 ην
557 2500 742 2554 λε’γομενς
771 2500 855 2543 Καὶ
872 2497 972 2540 κύνα
993 2500 1058 2541 καὶ
1076 2497 1209 2548 πόλιν,
1240 2518 1288 2549 ην
1306 2503 1519 2551 παίζουσιν

122 2568 166 2603 85
179 2553 368 2606 Quorum
391 2554 493 2596 haec
511 2556 719 2596 sententia
739 2565 822 2596 est.-
844 2553 1522 2619 OPandionide(ortePandione].

177 2623 249 2649 tex
270 2608 457 2651 civitatis
478 2612 673 2665 parasitis
689 2612 886 2659 refertae,
919 2610 1008 2651 Scis
1041 2624 1162 2666 quam
1187 2610 1407 2655 civitatem
1422 2613 1519 2655 dici·
