1690 2996
201 111 306 151 1218
805 111 882 150 IX
946 117 1040 155 132.

309 221 381 264 καῖ
398 238 472 262 οσα
491 220 543 262 ἄν
559 238 618 270 τις
637 222 753 272 εἴποι,
783 219 885 276 λόγῳ
907 224 1001 275 etc.]
1031 223 1392 279 Distinguendum
1405 228 1549 279 potius
1572 229 1632 268 vi-

198 273 335 324 detur,
366 295 430 318 και
451 277 528 318 ὅσα
545 277 596 318 ἄν
614 294 671 324 τις
692 281 797 321 εἴποι
822 277 936 333 λόγῳ,
966 279 1134 330 ἄρνησιν
1160 298 1192 322 τ.
1223 283 1260 334 ῥ’.
1287 299 1331 326 π.
1387 283 1631 338 Aliquoties

197 331 257 370 ita
278 332 421 400 loqui
426 335 546 372 solet.
575 334 698 375 Iuno.

307 390 375 428 και
396 406 475 430 οσα
495 388 547 429 ἄν
565 406 624 437 τις
653 391 771 438 εἴποι,
802 385 906 443 λόγῳ
929 390 1030 443 ete]
1061 391 1276 431 Kuehnius
1305 391 1358 432 ad
1389 407 1501 433 oram
1531 394 1631 433 libri

197 442 264 481 sui
289 442 443 482 delerat
459 445 572 498 λόγῳ,
605 443 826 484 obsecutus
846 445 896 485 A.
919 444 962 486 C.
984 445 1055 485 sed
1082 456 1216 486 tamen
1249 462 1325 503 ego
1347 449 1504 502 potius,
1536 464 1631 489 eum

195 498 388 538 meliores
409 500 530 540 MSS.
550 500 594 539 id
614 511 855 554 agnoscant,
885 511 926 544 et
945 501 1018 550 ita,
1045 504 1346 555 langen-nanno
1365 505 1628 555 observante,

195 555 317 607 loqui
351 557 484 594 soleat
514 555 739 609 aliquoties
769 556 930 596 Auctor
957 566 1115 609 noster,
1157 557 1436 600 distinetione
1469 570 1630 600 mutata

195 609 395 649 medelam
417 614 514 651 loco
534 611 672 651 tetuli.

193 720 234 761 K
307 665 557 723 ἔπιρῤήματα
573 670 616 710 δὲ
640 667 863 721 ἐπαμφοῖν]
897 667 944 707 C.
967 669 1020 707 A.
1048 670 1249 722 ἐπίρρημα
1279 668 1349 713 ἐπ’
1373 669 1522 725 ᾰμᾳοῖν
1549 680 1628 712 etc.

237 735 372 761 unam.

302 775 556 832 ἐπιόρήματα
574 778 615 821 δὲ
627 780 839 834 ἔπαμφοῗν]
871 779 966 819 Μ8.
986 778 1029 822 δὲ
1050 777 1124 821 ἐπ’
1139 777 1311 834 ἀμφοῖν·
1339 781 1455 836 quod
1473 781 1627 824 malim.

191 831 418 874 Iunonum.

301 886 555 955 {ncgigin'uoetoe
571 890 614 931 δὲ
639 890 854 944 ἕπαμφοῒν]
883 884 959 930 εἶπ’
975 884 1125 944 αμφοῖν
1146 891 1191 930 in
1212 899 1338 933 textu
1357 891 1535 934 reddidi.

302 943 455 998 ἀπάτη]
497 946 549 985 In
585 946 633 986 C.
664 947 717 986 A.
757 955 821 985 est
851 959 988 986 novus
1020 946 1171 986 titulus
1197 950 1290 1002 περὶ
1313 947 1557 1003 συνωνύμων
1582 949 1630 1006 τῇ

191 999 336 1056 ἀπάτῃ.

300 1054 547 1109 ὕποστροφη]
575 1056 623 1098 C.
642 1057 688 1098 Δ.
709 1053 1030 1128 ἐξυποστροφῆς·
1060 1056 1147 1110 (ἧς)
1171 1057 1218 1098 C.
1240 1057 1290 1101 V.
1325 1058 1469 1100 eodem
1501 1058 1626 1100 modo

190 1115 273 1166 leg
296 1113 470 1164 Hesych.
491 1110 777 1167 ’Υπόστροφοη
806 1111 1035 1167 ἀφιγμένον,
1071 1113 1386 1169 ὑποστρέφοντα·
1427 1115 1503 1155 ubi
1530 1125 1628 1169 post

192 1167 410 1223 ἀφιγμένον
430 1168 597 1209 videtur
619 1169 1013 1223 interpungendum.
1045 1169 1090 1208 id
1107 1179 1183 1222 est,
1223 1173 1296 1222 qui
1319 1171 1428 1210 abiit
1453 1181 1494 1210 ct
1519 1171 1628 1211 redit

193 1234 358 1264 mutata
381 1233 523 1266 mente.
560 1225 741 1264 Kumm.

299 1276 556 1349 υποστροφη]
595 1282 690 1321 MS.
720 1278 894 1349 στροφῆ,
934 1277 1233 1337 ἕξυποστροφη,
1272 1279 1378 1324 διαδ.
1403 1295 1426 1321 ι
1452 1285 1624 1336 vulgato

190 1335 426 1390 ὑποστροφή
460 1351 561 1376 mox
599 1335 766 1377 verbum
802 1336 1146 1390 ὑποστρέψεσθαι,
1185 1337 1300 1393 quod
1326 1336 1420 1379 MS.
1450 1337 1623 1379 omittit.

190 1392 412 1433 Iunonum.

299 1445 544 1500 υποστροφή]
576 1448 754 1487 Rectum
775 1457 836 1487 est
865 1446 910 1486 id
941 1448 1148 1498 nominis,
1186 1446 1508 1502 addendumque
1535 1450 1624 1491 fue-

190 1505 248 1544 rit
265 1504 405 1556 potius
426 1505 549 1544 MSS.
574 1502 858 1557 ἔξυποστροφη,
892 1516 1014 1571 quam
1035 1513 1082 1542 ut
1103 1505 1146 1542 iu
1171 1503 1215 1543 id
1242 1514 1426 1544 mutetur
1457 1515 1623 1558 recepta

190 1560 330 1599 lectio.
389 1561 426 1599 A
448 1560 578 1613 priori
605 1559 805 1598 vocabulo
828 1574 974 1613 στροφη
997 1560 1205 1614 originem
1237 1559 1390 1600 duxere
1411 1561 1625 1600 Romano-

190 1631 279 1655 rum
303 1617 508 1668 strophae.
540 1614 711 1654 celebris
743 1625 806 1655 est
836 1615 908 1655 illa
938 1629 1023 1655 vox
1054 1616 1098 1654 in
1131 1615 1344 1655 Plautini-⁹
1375 1616 1544 1662 fabulis,
1581 1625 1625 1656 et

188 1674 434 1741 plerumque
466 1671 588 1725 iungi
607 1671 716 1709 dolie
739 1674 858 1710 solet.
895 1670 997 1710 hinc
1019 1679 1060 1711 et
1081 1670 1125 1709 in
1149 1671 1332 1711 Gloseis:
1363 1672 1621 1723 Strophosus,

190 1724 342 1775 δόλιος·
374 1742 509 1782 neque
532 1727 656 1766 etiam
680 1726 723 1764 in
745 1725 824 1765 hae
847 1741 891 1767 re
923 1726 1066 1766 differt
1084 1736 1287 1797 νενεαιιιξ,
1326 1726 1440 1794 qu'od
1469 1741 1622 1767 nomeu

195 1783 374 1836 cyrillus
395 1784 595 1836 exponit.
625 1781 888 1836 πολύτροπος,
919 1781 1208 1836 ποικιλόᾳρων
1239 1782 1265 1825 o‘
1285 1802 1339 1837 μη
1358 1781 1489 1836 ‹ie-90¹9
1511 1783 1620 1835 ἄπιος,
1689 1821 1690 1835 ,

188 1853 265 1892 pro
288 1853 371 1892 quo
394 1838 615 1892 legendum
636 1838 867 1892 ἄνθρωπος,
897 1839 957 1878 sio
985 1838 1095 1877 enim
1126 1837 1171 1877 id
1198 1839 1396 1878 vocabuli
1427 1853 1622 1891 compen·
1688 1837 1690 1870 Ὗ

189 1894 309 1933 diose
330 1894 560 1933 scribitnr'
548 1908 591 1932 ln
617 1895 737 1934 MSS.
771 1894 955 1948 indeque
982 1897 1183 1942 versutia,
1218 1897 1410 1948 πονηρία,
1445 1910 1624 1949 πανουρ-

187 1950 270 2018 yla·
306 1949 446 1989 eadem
476 1959 538 1988 est
564 1949 745 1988 Romani
776 1964 882 2004 quae
918 1950 1066 1990 Graeci
1099 1950 1284 1989 nominis
1314 1949 1448 2004 origo.
1516 1951 1622 1991 Post

186 2003 368 2048 διάδυσιν
387 2006 579 2058 sequitur
609 2004 798 2054 ὁιαλυσις,
831 2005 945 2060 quod
977 2020 1129 2045 nomen
1159 2005 1229 2045 hie
1260 2019 1344 2045 non
1377 2016 1619 2059 opportuno

187 2062 370 2115 positum
393 2070 456 2099 est
475 2063 584 2099 loco.
607 2071 649 2100 et
666 2075 717 2100 ex
740 2060 1008 2115 praecedenti
1030 2061 1184 2102 vitiose
1203 2061 1427 2114 repetitum
1453 2061 1620 2102 abunde

188 2117 342 2157 docent
364 2117 482 2156 MSS.
514 2117 662 2164 nostri,
703 2117 910 2165 siquidem
940 2117 1147 2159 omittant.
1193 2131 1318 2169 porro
1349 2131 1487 2171 neque
1516 2117 1620 2157 cmi

186 2173 403 2226 scriptoris
423 2172 672 2210 auctoritate
696 2171 881 2220 defendi,
918 2186 1052 2225 neque
1078 2173 1254 2226 repetita
1282 2172 1398 2213 verbi
1431 2173 1619 2213 mentio·
1659 2219 1662 2221 ,

186 2244 239 2269 ne
260 2230 302 2267 in
331 2227 603 2282 sequentibus
626 2236 778 2279 potest,
808 2228 920 2282 quod
949 2227 1000 2267 de
1023 2227 1117 2268 aliis
1141 2228 1335 2268 omnibus
1359 2227 1429 2267 hic
1446 2228 1618 2269 factum.

186 2299 292 2338 quae
319 2298 385 2323 me
415 2283 598 2323 rationes
633 2293 953 2335 permoverunt,
992 2293 1039 2322 ut
1067 2282 1249 2327 amanam·
1279 2283 1380 2322 hinc
1395 2282 1616 2327 efficerem.

185 2340 364 2380 Dicitur
390 2339 484 2392 quis
509 2335 800 2432 ὃιαδυεσθαι,Τ
808 2338 883 2392 qui
918 2338 1065 2378 dolose
1099 2340 1226 2382 alicui
1255 2338 1443 2391 obrepit,
1486 2353 1618 2393 eaque

185 2396 363 2436 notione
385 2395 428 2433 in
449 2394 664 2434 volumine
686 2395 740 2433 N.
764 2396 813 2432 T.
843 2393 885 2432 id
907 2393 1023 2432 verbi
1047 2396 1244 2438 occurrit.

297 2448 401 2492 διαδ.
429 2447 639 2504 διαλυσις]
674 2449 801 2494 Abest
828 2464 850 2488 a
880 2449 926 2490 C.
948 2449 997 2488 V.
1033 2449 1076 2486 in
1099 2451 1146 2490 C.
1164 2451 1216 2494 A.
1243 2449 1522 2504 superscripta
1553 2459 1618 2490 est

186 2521 268 2547 vox
289 2507 581 2548 illa.1{umm.

297 2562 402 2606 διάδ.
422 2559 623 2617 διαλυσις]
653 2561 817 2602 Deest
805 2576 847 2601 m
870 2560 966 2603 MS.
988 2554 1176 2612 διαλυσις.
1207 2561 1335 2602 Iuno.

1687 1875 1690 1924 ff
