1690 2996
163 124 271 166 1564
790 119 842 160 X.
901 124 970 166 86.

164 231 350 271 minibus
370 242 494 270 omne
515 243 646 285 genus
667 229 877 272 ciborum⁸⁴
929 230 1027 286 Ipsa
1050 231 1173 273 verba
1185 232 1432 285 Epicharmi
1451 231 1495 271 in
1505 231 1601 272 MS.

163 288 236 327 hic
261 287 318 325 ita
343 286 519 325 habent:
550 287 707 328 λεκίνὸα
727 289 924 340 κενβαφία
940 286 1021 330 δύο.
1060 288 1141 330 Sed
1165 287 1445 340 scribendum,
1465 289 1601 330 aenidos

163 342 205 386 κ’
228 340 409 396 ἐμβάφια
443 335 528 383 δυό.
588 342 787 395 Sequitur
808 343 850 381 in
871 343 958 384 MS.
988 346 1029 386 ἐν
1056 346 1097 386 δὲ
1114 347 1306 399 Σκίρωνι,
1337 347 1406 386 καὶ
1427 344 1600 393 nal-rivom

164 401 283 447 λεκίς.
343 396 409 436 Et·
431 398 609 450 primum
631 399 824 451 Σκίρωνι,’
852 398 912 438 sic
932 413 1008 452 pro
1031 402 1203 454 vulgato
1225 396 1411 452 Σκύρωνι
1433 398 1601 439 videtur

164 453 466 508 reponendum,
496 462 544 491 ut
580 452 883 493 eiusdemmodi
914 454 1084 494 nomine
1113 455 1293 494 fabulam
1325 455 1602 508 Epicharmus

166 509 483 562 conscripserit,
526 521 609 560 quo
641 509 863 560 Euripides
889 523 1013 563 supra
1043 511 1131 559 IX,
1164 510 1228 563 75.
1286 511 1474 550 Alterum
1501 523 1600 550 vero

166 565 310 604 nescio
338 562 390 603 ari
423 567 638 618 vulgatum
671 565 946 612 retineamus,
977 580 1027 604 an
1052 566 1197 618 potius
1218 567 1312 606 MS.
1341 565 1512 605 ductum
1534 578 1603 604 se-

168 631 343 674 quentes
361 622 430 662 κοιῖ
449 621 624 670 πηλίνων
642 621 746 670 λεκὶς
767 620 1010 672 scribamus,
1041 621 1083 660 id
1105 632 1178 670 est,
1195 625 1299 670 λεκῖς
1317 622 1396 663 τῶν
1414 624 1602 674 πηλίνων,

167 680 272 724 leuis·
295 678 338 718 ἐκ
359 677 510 726 πηλοῦ,
539 674 672 728 χοῖκή,
702 686 751 714 ut
777 675 1006 729 Hesychius
1038 678 1221 730 explicat
1253 691 1397 716 vocem
1427 678 1603 728 πήλινος.

167 732 322 772 Eadem
349 732 481 770 forma
502 731 706 785 loquendi
729 731 918 780 videtur,
952 730 1066 786 quod
1084 733 1194 771 infra
1225 747 1276 772 ex
1294 730 1407 787 Γήρᾳ
1429 736 1602 772 Aristo-

164 789 339 840 phanis,
388 790 524 829 κοπίδι
562 787 641 828 τῶν
677 788 942 840 μαγειρικῶν·
992 801 1116 841 segm.
1156 787 1245 829 104.
1301 789 1345 827 in
1376 788 1468 829 MS.
1507 803 1601 827 nam

169 846 296 897 vulgo
318 844 470 881 frustra
493 856 679 896 quaereS.
732 842 812 882 Sed
832 853 974 882 noster
988 844 1222 883 Salmasius
1240 843 1434 893 malebat,
1455 848 1602 896 πηλίνη

169 903 271 946 lexic
289 899 358 937 bic
377 901 527 950 legere.
588 898 722 937 Iunc.
1329 916 1331 919 ⁴

279 957 319 996 ἐν
342 950 492 1006 Νιόβης·
509 950 652 1007 γάμῳ]
685 954 753 993 De
770 952 1004 992 fabularum
1025 953 1178 1004 titulis,
1208 963 1256 994 ut
1275 953 1422 994 ordine
1437 955 1604 1009 singula

171 1010 370 1059 dicamus,
400 1009 532 1061 primo
555 1012 675 1054 loco,
707 1019 794 1047 tum
823 1009 912 1062 ipsa
937 1008 987 1049 de
1010 1024 1054 1050 re
1089 1008 1342 1050 monendum
1364 1011 1459 1050 erit.
1494 1009 1604 1054 Νιό-

167 1073 241 1122 βης
260 1064 386 1119 γάμον
412 1065 454 1102 in
485 1064 567 1104 hoc
586 1063 771 1103 Pollucis
796 1067 892 1103 loco
918 1065 1181 1104 librariorum
1212 1065 1421 1117 imperitia
1450 1066 1606 1106 condi-

171 1122 257 1172 ‹lit3
288 1135 367 1174 qua
386 1120 666 1174 inscriptione
697 1120 880 1167 fabulam
901 1121 1150 1172 Epicharmi
1169 1124 1326 1160 nullam
1345 1136 1366 1160 a
1393 1135 1604 1176 quoquam

171 1191 259 1219 esse
289 1177 510 1215 adductam
540 1177 643 1215 certi
668 1190 822 1216 sumus.
871 1175 1098 1216 accredidit
1126 1179 1360 1224 Mem-aius,
1390 1186 1432 1217 ct
1451 1178 1607 1216 Niobes·

172 1235 343 1285 nuptias
371 1232 480 1270 inter
505 1232 749 1284 Epicharmi
774 1231 938 1270 fabulas
969 1233 1229 1272 enumeravit
1253 1246 1306 1272 ex
1333 1235 1424 1272 solo
1445 1232 1607 1272 Polluce

172 1289 222 1328 ad
247 1288 491 1327 Helladium
513 1290 836 1334 Besantinoum,
867 1301 960 1325 cum
989 1287 1072 1341 ipsi
1095 1297 1230 1327 tamen
1258 1286 1309 1326 ad
1330 1301 1475 1327 manus
1498 1297 1606 1328 esset

163 1346 305 1397 ’Ἠβης
325 1342 452 1397 γάμος
477 1357 528 1382 ex
548 1343 760 1382 Athenaeo
777 1351 820 1382 et
845 1344 979 1380 Tzetze
996 1341 1049 1381 ad
1069 1343 1311 1394 Hesiodum,
1339 1343 1457 1382 cuius
1477 1354 1519 1384 et
1537 1344 1606 1385 lo..

173 1415 263 1440 cum
287 1399 392 1438 mihi
418 1406 677 1438 notaveram.
709 1407 749 1436 et
770 1399 963 1449 profecto
983 1397 1018 1436 si
1045 1399 1227 1437 animum
1253 1398 1467 1449 attendas,
1500 1413 1606 1452 quae

170 1455 322 1496 Niobes
350 1454 523 1507 nuptiae
550 1468 571 1492 a
605 1452 817 1492 veteribus
843 1452 1096 1502 celebratae,
1128 1463 1175 1492 ut
1200 1453 1476 1506 Epicharmus
1506 1454 1606 1494 inde

172 1522 215 1552 et
236 1513 405 1551 titulum
438 1517 478 1548 et
501 1517 789 1563 argumentum
812 1509 980 1548 fabulae
1009 1518 1149 1562 petere
1179 1509 1402 1563 potuerit?
1434 1510 1606 1564 Optime

173 1566 301 1607 MSS.
326 1566 465 1617 ”Ηβης
497 1563 625 1619 γάμῳ.
683 1564 814 1603 Hebes
843 1565 1017 1617 nuptiae
1047 1564 1358 1614 celeberrimae,
1391 1580 1528 1619 neque
1555 1565 1606 1607 de

173 1623 266 1662 istis
289 1622 511 1675 quicquam
533 1620 730 1660 adnotare
748 1620 877 1661 lubet.
909 1620 968 1659 sic
988 1620 1132 1674 itaque
1156 1635 1248 1659 cum
1271 1621 1392 1663 MSS.
1423 1621 1467 1660 in
1486 1630 1607 1661 textu

172 1677 355 1731 reposui.
406 1677 547 1715 Altera
571 1678 706 1714 Siculi
725 1677 879 1714 Poetae
905 1675 1130 1716 Comoedia
1149 1673 1317 1730 Σκύρων
1335 1687 1423 1717 erat
1443 1677 1487 1716 in
1509 1678 1607 1717 vul-

172 1735 293 1789 gatis,
327 1746 462 1786 neque
483 1732 604 1770 aliter
625 1732 668 1770 in
690 1732 763 1770 illo
783 1731 936 1782 indice,
971 1739 1091 1784 quem
1114 1731 1227 1779 dixi,
1257 1735 1478 1775 Meureius.
1507 1747 1609 1787 pra-

172 1804 222 1829 ve
241 1799 405 1838 tamen3
439 1787 619 1826 Codices
647 1786 756 1826 enim
791 1787 924 1825 nostri
942 1790 1143 1840 Σκίρωνι,
1173 1787 1285 1842 quod
1310 1787 1501 1841 equidem
1525 1788 1607 1827 du·-

173 1845 270 1884 dum
299 1853 395 1883 ante
431 1842 508 1881 hos
546 1843 660 1882 visos
687 1857 737 1882 ex
757 1842 1035 1893 similitudine
1053 1847 1253 1897 Σκίρωνος
1270 1844 1487 1894 Euripidei
1507 1845 1606 1883 ani...

172 1900 483 1940 madverteram.
553 1899 682 1937 Porro
713 1898 1010 1951 Δημιοπράτοις
1041 1900 1272 1940 emendavi.
1312 1898 1384 1939 sed
1421 1898 1606 1953 diligen-

171 1955 325 1994 tissimi
343 1956 533 1992 Memmii.
548 1967 661 1991 error
689 1964 730 1992 et
750 1954 911 2005 ἀκρισία
934 1965 997 1994 est
1021 1954 1299 2006 observanda,
1330 1955 1403 2008 qui
1421 1955 1605 1994 fabulam

171 2011 295 2050 nobis
317 2009 560 2062 Epicharmi
582 2008 864 2062 Δημιοπρᾶτας
883 2024 938 2049 ex
962 2009 1044 2049 hoc
1064 2013 1247 2050 Pollucis
1267 2013 1363 2050 loco
1397 2009 1608 2050 confinxit

171 2077 213 2106 et
239 2067 283 2104 in
323 2066 405 2103 isto
435 2063 754 2103 comoediarum
791 2065 883 2104 eius
913 2065 1054 2105 indice
1083 2067 1286 2119 reposuit.
1333 2066 1462 2104 miror
1492 2079 1604 2116 sane,

172 2137 264 2161 cum
291 2122 335 2159 in
359 2120 438 2159 hoc
460 2118 621 2159 decimo
639 2119 829 2158 Pollucis
847 2120 958 2159 libro
979 2131 1060 2160 tam
1082 2122 1322 2174 frequenter
1337 2118 1606 2172 Λημιὸπραια
1669 2135 1672 2137 ·

171 2179 370 2216 citentur.
400 2174 471 2214 sed
494 2189 577 2214 non
600 2174 740 2213 eadem
768 2185 830 2214 est
850 2175 1035 2214 omnium
1058 2177 1248 2217 horarum
1274 2177 1466 2223 fortuna,
1496 2186 1538 2215 et
1557 2185 1605 2214 ut

171 2233 267 2272 aliis
291 2230 522 2270 errantibus
544 2230 667 2269 facile
687 2230 1042 2283 ignoscimuS„sic
1065 2240 1107 2270 et
1126 2232 1238 2270 illam
1261 2231 1380 2270 nobis
1400 2231 1450 2269 ab
1472 2244 1605 2286 aequo

169 2291 326 2328 lectore
370 2287 533 2327 veniam
574 2299 749 2323 oramus.
819 2285 883 2324 Ad
916 2286 1055 2338 priora
1084 2285 1403 2337 recurrendum,
1451 2285 1525 2325 ubi
1558 2287 1604 2326 in

107 2372 109 2374 -
170 2344 414 2394 Epicharmi
436 2339 575 2395 χρήσει
594 2340 739 2380 extitit
757 2350 853 2380 ante
884 2354 959 2379 nos
986 2344 1054 2383 καῖ
1081 2339 1271 2394 ἐμβάφια.
1328 2342 1606 2383 praestantis-

170 2400 299 2438 simus
333 2398 403 2437 ille
426 2396 570 2436 Codex
593 2395 840 2442 Palatinus,
882 2409 1003 2448 quern
1030 2406 1076 2435 ut
1103 2398 1394 2449 sospitatorem
1419 2398 1607 2437 Pollucis

170 2452 367 2492 admirari
407 2455 548 2500 solen,
598 2449 793 2505 κε’νβυῖφια
829 2451 1192 2505 egregie'scribit.
1243 2454 1406 2492 scilicet
1437 2452 1607 2507 ἐνβάᾳια

169 2521 428 2548 consuevere
453 2517 633 2557 veteres,
665 2521 751 2546 non
781 2507 985 2560 ἐμβάφια,
1017 2521 1139 2560 quam
1170 2519 1215 2546 tu
1245 2508 1454 2548 scribendi
1473 2510 1606 2548 ratio-

168 2578 263 2604 nem
285 2563 331 2603 iu
352 2563 648 2605 vetustissimis
678 2562 955 2605 marmoribus
987 2577 1220 2617 expressam
1243 2564 1445 2606 invenies.
1475 2564 1604 2603 simili
