1716 3016
237 101 319 149 958
684 163 688 167 .
844 106 921 146 1x.
979 110 1047 152 54.

235 213 537 267 η’μιταλαντων,
579 225 621 255 et
652 215 768 256 alibi.
801 216 954 270 quibus
973 217 1147 257 subiicit
1170 211 1339 265 Pollux.
1366 229 1416 260 ut
1434 229 1477 261 et
1505 220 1664 260 Home..

239 287 309 310 rus
331 282 409 311 etc.
437 270 746 321 δεκαταλάντους
773 275 887 321 δίκας
912 273 1024 327 apud
1051 274 1297 315 Aeschinem
1325 275 1368 314 in
1400 289 1446 315 ea
1475 281 1567 332 περῖ
1590 282 1663 328 τῆς

237 333 491 382 παραπρεσβ.
521 328 660 368 habes.
693 330 954 370 Demosthen.
994 341 1137 369 contra
1174 331 1335 382 Aphob.
1376 331 1508 384 prima
1543 333 1662 374 Orat.

239 383 283 421 in
314 383 417 423 fine:
442 385 547 428 οἶκοι
562 387 807 427 ταλαντιαῖοι
825 386 892 426 καὶ
914 384 1157 429 διτάλαντοι·
1187 395 1230 426 et
1251 385 1296 425 iu
1313 388 1443 426 altera
1465 402 1664 431 πεντεκαι-

238 441 611 488 δεκαταλαντιαίους
629 443 772 489 οἴκους.
829 441 959 483 que.

349 498 416 537 και
434 514 457 545 η
484 497 555 537 τοῦ
576 514 620 538 π.
651 506 729 536 etc.
739 497 753 549 ]
795 495 841 537 C
874 497 924 538 A.
953 492 1097 550 αρχαία
1129 496 1214 539 δὲ
1187 514 1211 546 η
1231 497 1375 551 χρῆσις
1393 499 1463 540 καῖ
1475 497 1548 541 τοῦ
1564 499 1662 552 πέμ-

236 567 338 593 πτου
374 549 639 626 ἤμιξαλάντου
682 561 760 591 etc.
818 554 1106 592 Demosthenes
1146 563 1290 592 contra
1316 554 1492 596 Androt.
1533 553 1557 596 ὁ
1585 555 1663 596 τῶν

236 623 500 662 τριηροποιων
517 610 658 659 ταμίας
679 604 858 659 ἅποδροῗς
875 625 998 661 ῳχετο
1021 608 1123 662 ἔχων
1144 610 1261 651 πέντε
1278 607 1533 663 ημιτάλαντα,
1563 625 1664 663 qua·

238 670 326 700 tuor
349 665 510 702 talenta
530 678 624 702 cum
642 663 827 704 dimidio.
885 665 1062 704 Rumin-

344 719 372 767 ἦ
390 719 464 760 τοῦ
482 720 661 770 πέμπτον
685 737 793 772 ημιτ.
824 729 902 758 etc.
914 721 934 772 ]
977 721 1017 757 Γ
1000 721 1263 772 tymologus
1293 718 1441 776 ᾰρχαία
1462 721 1503 763 δὲ
1521 721 1664 775 χρῆσις

235 776 302 816 καὶ
327 791 350 824 υ,
381 776 453 817 τοῦ
478 777 608 828 τρίτου
634 773 903 828 ἡμιταλάντων
934 776 1001 829 (ex
1028 777 1177 815 Nostro
1196 777 1417 830 legendum
1435 786 1551 829 patet
1571 778 1663 828 τρί-

234 846 302 872 τον
329 829 613 881 tymi-dalmtun,
644 830 772 885 idque
801 841 843 869 et
871 831 1114 883 Sylburgius
1142 830 1396 872 adverterat.
1434 834 1586 871 toleres
1603 842 1663 871 ta·

233 899 342 935 men,
356 885 427 925 sed
448 896 536 925 tum
558 896 600 925 et
619 886 837 940 sequentia
860 885 1005 925 eodem
1017 895 1230 938 ponantur
1250 900 1347 925 casu
1366 901 1442 939 par
1460 896 1535 927 est.
1556 887 1659 926 alias

234 952 345 980 certe
364 940 410 983 C.
443 944 492 983 A.
523 942 698 981 lectioni
718 941 826 980 hac
816 955 858 978 m
879 956 922 980 re
947 942 1212 993 Etymologus
1231 940 1455 1007 convenit)
1474 945 1542 984 καὶ
1562 944 1662 995 πέμ·

231 1013 332 1038 πτον
357 995 648 1049 ημιτάλαντον·
681 1000 765 1040 ἐστὶ
791 999 833 1039 δὲ
856 1014 901 1039 το
920 995 991 1062 μὲν
1016 999 1148 1050 τρίτον
1165 994 1451 1050 ημιτοῖλαντον,
1483 996 1587 1039 δύο’
1569 998 1662 1068 η’μι-

233 1069 276 1094 σι
295 1050 564 1095 talanta-16
589 1054 631 1093 δὲ
651 1055 829 1107 πέμπτον
851 1050 1141 1106 ημιτάλαντον,
1169 1054 1343 1106 τέσσαρα
1363 1053 1501 1106 ἥμισυ,
1529 1056 1594 1096 καὶ
1613 1071 1660 1097 το

232 1111 402 1161 ἕβδοιιον
429 1108 703 1162 ημιτάλαντον,
744 1112 788 1158 ἓξ
816 1109 958 1159 ημισυ·
990 1108 1120 1160 (hinc
1147 1109 1338 1160 superius
1364 1119 1462 1161 post
1480 1113 1547 1152 καῖ
1564 1112 1661 1162 πέμ-

231 1180 327 1206 πτον
367 1163 629 1218 ημιτοὶλαντον
655 1165 920 1204 inserendum
949 1174 1065 1216 patet
1094 1181 1159 1205 και
1181 1166 1348 1216 ἕβδομον
1373 1163 1660 1216 ημιταλαντον·

233 1232 326 1258 nam
349 1220 421 1259 hic
441 1221 540 1258 istas
563 1234 687 1260 voces
709 1229 758 1258 ut
780 1220 1001 1259 recensitas
1025 1220 1225 1272 exponit3
1258 1229 1458 1273 patetque
1481 1220 1563 1260 hoc
1579 1235 1661 1260 ma·

233 1275 320 1328 gis,
357 1274 469 1330 quod
504 1276 548 1313 in
578 1285 721 1315 nostro
753 1277 922 1313 Polluce
943 1275 1000 1314 ita
1028 1275 1214 1328 legatur)
1233 1278 1303 1317 καὶ
1331 1276 1475 1324 ὅλως,
1488 1275 1536 1319 οὗ
1556 1294 1662 1326 τινος

231 1329 408 1383 α’ριθμοῦ
426 1328 668 1399 παρανόμως
684 1332 795 1386 μέρει
811 1329 1046 1397 ἐπονομάσει
1063 1346 1124 1380 τις
1141 1329 1189 1372 τό
1208 1327 1495 1384 »nantoil-autor,
1521 1349 1661 1375 τουτου

230 1385 253 1426 o'
278 1384 606 1460 προηζοῦμενος
597 1385 772 1440 ᾰοιθμός
800 1384 1015 1439 ἐφαρμόσει
1037 1388 1091 1440 τῷ
1113 1385 1315 1441 ταλάντῳ·
1344 1388 1439 1434 οἷον,
1459 1387 1508 1428 ἄν
1524 1388 1596 1440 μὲν
1614 1404 1657 1438 η,

231 1445 343 1489 ἑτετα,
375 1461 424 1483 αν
443 1445 485 1483 δὲ
507 1448 555 1489 θ.
583 1442 687 1484 ὀκτώ
715 1444 1082 1507 συναριθμουμεύου
1110 1428 1294 1489 δηλονότι
1319 1445 1386 1485 καὶ
1404 1443 1474 1485 τοῦ
1499 1443 1551 1483 S'.
1580 1444 1660 1482 sic-

231 1498 295 1535 uti
325 1512 377 1537 ex
408 1498 569 1548 suida,
606 1498 716 1551 apud
753 1513 870 1553 quem
904 1498 1001 1537 talia
1031 1497 1183 1536 similia
1215 1498 1507 1550 reperiuntur,
1546 1509 1659 1539 recte

231 1552 469 1603 emendavit
504 1531 763 1607 Sy'lburgius.
816 1553 919 1593 haec
964 1552 1133 1606 quidem
1173 1553 1311 1593 omnia
1345 1553 1444 1608 quin
1478 1568 1533 1592 ex
1560 1555 1658 1592 Poc-

231 1611 320 1648 luce
349 1609 436 1647 sint
466 1610 599 1662 petita
631 1613 771 1648 nullus
801 1609 1035 1660 dubitabit,
1066 1619 1109 1648 et
1138 1624 1236 1648 mox
1259 1609 1371 1648 infra
1399 1609 1479 1648 alia
1503 1608 1651 1648 huius·

230 1663 346 1702 modi
366 1679 417 1703 ex
439 1666 680 1718 Etymologo
701 1664 929 1708 reddemus,
987 1666 1075 1703 Iam
1093 1678 1193 1704 vero
1218 1664 1320 1719 quid
1334 1665 1377 1703 in
1397 1664 1464 1704 his
1480 1678 1659 1718 aequen-

230 1719 444 1787 tibusque
452 1722 639 1759 Pollucis
658 1721 752 1772 opis
776 1721 1060 1768 attulerimus,
1094 1719 1347 1760 monendum
1369 1729 1442 1760 est.
1483 1723 1552 1762 καὶ
1580 1722 1658 1775 τρί-

228 1791 294 1817 του
324 1773 586 1826 ἡμιτάλαντον
617 1786 657 1816 et
684 1786 771 1815 tum
801 1774 893 1818 τόδ’
918 1775 966 1827 ἦν
993 1775 1205 1815 uncinulis
1233 1775 1459 1815 incluserat
1477 1776 1658 1826 δώσω,

231 1845 337 1884 quos
366 1830 523 1879 delevi,
554 1831 763 1884 siquidem
798 1832 898 1870 istas
923 1846 1047 1871 voces
1076 1833 1119 1869 in
1142 1841 1304 1870 textum
1327 1830 1447 1870 MSS.
1477 1830 1657 1870 Codices

230 1886 435 1925 adserant.
478 1890 685 1941 pauloque
715 1895 813 1940 post
846 1891 975 1955 vulgo
1003 1887 1090 1926 fuit
1110 1889 1213 1926 male
1241 1885 1288 1928 ια’
1303 1889 1415 1928 ἕκτον
1438 1895 1481 1926 et
1502 1883 1553 1928 παῖ
1570 1884 1655 1933 δυό.

230 1955 307 1993 pro
335 1941 490 1994 quibus
522 1941 782 1981 reddidimus
821 1941 869 1984 τό
896 1946 940 1993 ἐξ
967 1953 1008 1983 et
1031 1940 1074 1983 ro*
1101 1939 1194 1987 δύο,
1226 1940 1340 1994 quod
1361 1950 1473 1980 etex
1494 1943 1656 1994 Etyma-

229 1998 312 2049 logi
334 1997 470 2036 verbis
488 1997 791 2037 restituendum
816 1999 916 2037 satis
937 2007 1066 2052 patet.
1107 2007 1319 2051 praeterea
1339 1995 1655 2036 distinctionem

231 2053 447 2091 confusam
470 2063 590 2092 antea
613 2053 865 2092 vai-iuvimus
889 2052 1180 2102 diversimode,
1209 2053 1253 2090 in
1273 2051 1464 2105 pluribus
1487 2051 1657 2104 sequuti
1709 2099 1712 2101 ,

231 2109 595 2159 langermannum.
631 2108 701 2147 sed
726 2108 775 2147 de
798 2109 988 2148 minutiis
1010 2121 1158 2160 operae
1181 2121 1267 2146 non
1290 2106 1440 2147 habeas
1460 2107 1654 2160 pretium,

229 2164 265 2202 si
284 2164 524 2217 singulatim
560 2162 705 2205 dicam.
764 2164 890 2203 Hunc
921 2174 1057 2203 autem
1085 2162 1357 2203 enumerandi
1381 2161 1548 2202 modum
1571 2173 1653 2202 tam

230 2220 396 2258 facilem
411 2248 421 2265 ,
453 2233 501 2258 ac
517 2219 773 2272 planissimis
796 2220 1033 2271 expositum
1054 2217 1191 2257 verbis
1212 2219 1359 2256 mirum
1383 2232 1505 2270 quam
1528 2217 1653 2257 multi

228 2273 500 2314 eruditissimi
519 2275 644 2313 etiam
666 2275 776 2325 viri,
807 2289 857 2314 ex
884 2274 1035 2326 quibus
1058 2275 1314 2312 Politianum
1332 2273 1535 2320 nomino,
1565 2287 1653 2312 nou

228 2330 431 2382 ceperint.
477 2329 589 2369 unde
618 2343 787 2383 perraro
819 2329 922 2368 haec
943 2329 1043 2368 talia
1070 2338 1184 2368 recte
1207 2329 1251 2367 in
1270 2328 1470 2368 Latinum
1495 2341 1654 2367 sermo..

228 2399 321 2423 nem
354 2389 556 2424 translata
589 2383 894 2437 deprehendes:
938 2385 1010 2438 qui
1043 2398 1143 2423 vero
1174 2385 1276 2423 haec
1300 2384 1488 2422 Pollucis
1518 2383 1653 2422 nostri

228 2450 390 2479 attente
412 2441 542 2495 legit,
570 2455 654 2479 rem
674 2449 803 2479 totam
823 2441 1027 2479 facillime
1047 2439 1266 2492 percipiet.
1292 2439 1493 2490 Hesychia·
1513 2448 1650 2478 autem

226 2499 370 2544 locus,
398 2510 519 2546 quem
550 2495 687 2535 adfert
724 2495 1050 2547 langermannus
1076 2504 1237 2540 noster.
1276 2493 1432 2533 medela
1463 2492 1650 2546 indiget:

228 2549 331 2605 quid
362 2551 472 2589 enim
505 2553 636 2591 fuerit
664 2551 853 2605 ἡμίσεια,
885 2561 958 2590 aut
990 2564 1077 2605 quo
1098 2549 1332 2589 referetur?
1362 2549 1452 2589 sive
1473 2549 1651 2588 forsitan
