1690 2996
221 95 325 135 1586
847 91 899 130 X.
958 95 1023 136 98.

214 206 295 241 lam
327 200 398 240 dat
423 201 669 255 Apollodoro
706 201 847 243 Geloo.
902 203 1051 242 Noster
1083 202 1193 242 infra
1216 217 1250 244 c.
1280 199 1347 243 51·
1377 202 1551 243 Geinum
1572 203 1641 244 di-

214 259 397 312 stinguit
416 272 439 296 a
465 259 663 310 Carystio.
721 258 897 299 Kumm.

328 338 484 394 Γελῴου
510 339 703 394 'Auen-J
747 341 835 380 MS·
869 342 1032 384 Γελοίου
1051 335 1212 384 'Aaou
1243 340 1565 398 Γραμματοποιῷ
1581 344 1643 382 ri-

216 396 368 436 dicule.
427 396 508 437 Sed
538 398 696 446 voluit,
727 396 876 449 credo,
905 397 1316 451 scribere'FeZm'ov,
1344 401 1433 440 iota
1462 399 1515 439 ad
1531 403 1641 439 latus

214 451 382 504 adfixo,
412 463 461 492 ut
484 455 604 493 solet.
661 453 790 494 Iunc.
1236 458 1240 462 ⁴

334 534 484 591 Γελῴου
521 530 681 579 'Aaou
730 532 1082 590 Γραμματοποιῷ]
1139 537 1427 592 Cognovimus
1463 552 1487 578 ο
1520 538 1640 580 MSS.

215 592 291 632 lib.
325 593 426 639 VII,
461 604 550 647 190.
607 593 856 644 Apollodori
890 592 1074 631 fabulam
1118 607 1206 633 esse
1237 593 1641 648 Γραμματιδιοποιόν,

214 662 337 702 quam
368 658 410 688 et
439 661 492 687 ex
522 648 653 688 veteri
686 646 845 687 Codice
865 647 1070 686 Athenaei
1093 648 1357 688 casaubonus
1382 650 1517 703 eruit,
1551 664 1643 688 cum

217 708 352 759 vulgo
389 713 580 756 corrupte
619 697 993 755 Γραμματιδοποιδς
1037 705 1272 758 legeretur:
1311 704 1643 758 Γραμματοποιόν

213 774 318 799 vero
337 758 519 797 fabulam
548 759 804 810 Apollodori
819 758 890 813 qui
906 757 1070 807 laudet,
1102 773 1224 799 nemo
1241 770 1316 803 est.
1352 759 1423 801 scd
1443 766 1643 815 Γραμμα-

214 815 439 861 τόδειπνον,
470 813 582 868 quod
606 828 704 852 sane
727 828 747 852 a
767 815 1086 867 I'oappatonocq‘i
1104 828 1190 854 nou
1222 818 1398 855 multum
1423 815 1642 869 discrepat,

215 879 431 911 enumerat
458 869 502 906 in
520 869 769 921 Apollodori
795 869 916 907 Geloi
939 870 1094 908 fabulis
1116 870 1291 916 Suidae.
1323 871 1466 924 itaque
1491 872 1643 926 legisse

215 929 260 966 in
285 926 366 964 hoc
388 925 571 964 Pollucis
594 927 687 964 loco
706 927 938 964 Memmium
953 925 1163 965 existimo.
1203 925 1286 965 viti
1308 924 1539 966 doctissimi
1558 928 1643 965 .Βί-

213 982 458 1022 bliotlzecam
484 980 686 1018 Graecam
711 979 793 1018 adi.
832 979 907 1020 sed
935 995 1027 1019 cum
1053 980 1295 1019 casaubono
1323 990 1366 1021 et
1388 981 1642 1020 Commenta-

216 1038 373 1076 toribus
411 1034 705 1074 eruditissimis
736 1036 1115 1090 Γραμματιδιοποιῷ
1151 1034 1221 1075 hic
1257 1037 1422 1076 restitui
1456 1037 1641 1091 probem,

213 1092 439 1148 praecipue
466 1105 558 1130 cum
587 1100 628 1131 et
654 1091 745 1143 ipse
771 1092 990 1130 Kuelmius
1007 1092 1052 1130 in
1074 1089 1246 1131 Codicis
1275 1091 1340 1130 sui
1363 1093 1550 1147 margine
1571 1107 1645 1132 rc—

214 1149 416 1204 posuerit.
458 1161 596 1197 ueque
627 1147 776 1185 mitum
807 1146 910 1187 adeo
945 1147 988 1185 in
1017 1161 1061 1187 rc
1085 1148 1224 1200 aliqua
1249 1147 1428 1187 levicula
1461 1149 1642 1201 vulgatis

214 1203 424 1246 erroribus
445 1201 570 1243 MSS.
603 1202 854 1242 consentire.
913 1202 1026 1256 Quia
1049 1216 1147 1242 vero
1166 1205 1305 1255 plures
1322 1203 1495 1242 fuerunt
1511 1202 1644 1255 Apol-

214 1260 346 1300 lodori
370 1258 542 1308 Comici,
574 1256 746 1296 dubium
779 1267 843 1298 cst
872 1260 1141 1311 plerumque,
1170 1258 1208 1297 si
1229 1258 1472 1310 Apollodorei
1491 1259 1643 1298 citetur

214 1315 379 1361 fabula,
409 1313 477 1352 cui
506 1313 564 1351 sit
592 1313 664 1351 illa
697 1312 934 1353 tribuenda.
978 1306 1363 1366 Γραμματιδιοποιδν
1387 1313 1641 1365 Apollodoro

218 1371 408 1422 Carystio
442 1367 607 1423 quidam
637 1367 901 1417 adscribunt,
943 1377 991 1406 ut
1020 1368 1186 1407 monuit
1204 1367 1254 1407 ad
1276 1368 1534 1408 Athenaeum
1558 1370 1645 1407 Ca-

214 1427 436 1464 mubonus.
496 1422 576 1463 Sed
604 1422 654 1461 ad
681 1423 925 1476 Apollodori
941 1425 1083 1479 χρῆσιν
1108 1423 1368 1474 accedamus,
1401 1438 1507 1477 quae
1528 1434 1643 1463 tanta

213 1482 305 1522 labe
330 1481 416 1519 fuit
446 1479 491 1518 in
522 1478 706 1532 vulgatis
735 1478 908 1529 obruta,
950 1489 998 1517 ut
1032 1479 1203 1532 agnosci
1234 1493 1320 1518 non
1352 1490 1508 1532 posset.
1549 1481 1643 1532 quis

215 1538 325 1576 euim
364 1536 467 1583 ista,
504 1534 668 1573 etiamsi
698 1537 907 1587 praeclare
943 1534 1115 1585 doctus,
1154 1533 1353 1587 caperet?
1390 1531 1644 1587 κυμινοθήκη
1679 1565 1682 1567 -

212 1588 356 1647 μεταξύ
376 1590 453 1632 τῶν
468 1586 595 1643 λόγων
615 1587 759 1631 τούτων
777 1590 878 1631 εἶναι
897 1593 965 1642 μοὶ
981 1591 1097 1631 δοκεῖ·
1124 1588 1197 1629 sed
1217 1603 1294 1630 nec
1312 1603 1374 1639 ea,
1396 1603 1503 1643 quac
1518 1590 1642 1629 MSS.

213 1649 466 1696 restituunt,
515 1645 631 1684 omni
671 1643 918 1683 difficultate
947 1654 1103 1685 carent.
1152 1659 1294 1685 eorum
1325 1645 1466 1700 itaque
1505 1659 1642 1684 curam

215 1701 480 1743 commendat
503 1700 807 1739 eruditioribus
829 1702 1167 1753 langermannus.
1205 1700 1332 1739 nobis
1349 1703 1424 1740 lux
1442 1700 1643 1754 quaedam

215 1759 414 1810 affulget,
446 1770 496 1805 an
521 1759 741 1808 scrupulus
763 1755 955 1795 iniicitur
977 1757 1120 1810 potius
1141 1770 1164 1794 a
1187 1754 1347 1795 Codice
1365 1756 1643 1796 Falckenbur-

211 1818 365 1868 ξτζίαηος,
398 1812 459 1851 ibi
477 1811 587 1850 enim
608 1822 704 1863 post
721 1813 830 1853 δοκεῖ
844 1812 922 1850 ista
940 1812 1127 1864 reperio:
1159 1808 1443 1862 κυμηνοθῆκην
1459 1810 1643 1866 ου’γραμ·

211 1870 365 1922 ματιῶν
393 1869 624 1921 περιφέρει·
667 1866 931 1905 scribendum
963 1882 1083 1906 nemo
1119 1866 1330 1917 dubitabit
1359 1870 1639 1920 γραμματεῖον.

213 1926 317 1964 haec
339 1924 488 1975 utique
510 1924 721 1975 vulgatam
743 1919 1023 1973 κυμινοθῆκην
1055 1921 1325 1971 confirmant,
1357 1921 1470 1976 quod
1493 1936 1543 1961 eo
1563 1937 1642 1962 uos

212 1979 346 2033 magis
367 1977 575 2017 sollicitos
606 1976 750 2027 habet,
781 1991 865 2031 quo
886 1977 936 2016 de
962 1978 1214 2031 praestantia
1231 1976 1400 2018 Codicis
1420 1977 1542 2016 istius
1562 1992 1642 2017 ex-

213 2035 420 2090 ploratius
450 2041 626 2071 constat.
665 2042 844 2071 attamen
875 2033 1110 2072 rationibus
1141 2032 1248 2072 bene
1275 2032 1462 2072 collectis
1487 2050 1642 2085 κυμινο-

212 2091 309 2140 δόκη
331 2090 470 2142 aptius
494 2097 557 2126 est
589 2096 715 2138 atque
741 2089 1051 2140 tempestivius:
1085 2087 1341 2142 κυμινοδόκον
1358 2088 1495 2134 enim,
1526 2107 1643 2139 ,wm-
1672 2132 1676 2135 ,

211 2145 379 2199 νοδόχην
409 2153 451 2184 et
480 2138 755 2194 κυμινοθήκηιι
787 2154 1074 2189 enumerarat.
1105 2154 1153 2182 ut
1182 2144 1292 2182 nihil
1314 2152 1441 2182 restet
1461 2146 1640 2196 amplius

215 2217 338 2253 quam
366 2197 617 2253 κυμινοδόκη.
657 2197 787 2250 igitur
814 2199 871 2235 ita
891 2198 1155 2237 scribendum
1186 2198 1289 2237 duxi
1315 2212 1406 2237 cum
1431 2200 1641 2252 plerisque

212 2258 338 2298 MSS.
369 2256 413 2294 in
441 2255 587 2294 ceteris
618 2262 753 2291 autem
775 2253 988 2306 Excerpta
1016 2253 1114 2291 libri
1138 2253 1516 2302 Falckenburgiani
1543 2254 1640 2294 fide-

212 2314 296 2353 lius
314 2310 511 2351 existimo
534 2322 797 2348 conservasse
816 2317 994 2348 veterem
1017 2308 1261 2360 scripturam
1281 2307 1374 2347 aliis
1392 2309 1515 2347 MSS.
1543 2323 1642 2348 con-

214 2365 422 2407 stituendi
442 2379 584 2404 versus
603 2377 700 2417 ergo
724 2362 914 2404 videmus
944 2364 1081 2416 ipsum
1105 2364 1455 2416 [anger-mannum
1474 2364 1532 2402 ita
1554 2374 1641 2404 teu-

213 2433 372 2461 tantem
403 2420 590 2461 reficere:
636 2424 903 2474 γραμματεῖον
930 2419 1174 2472 περιφέρειν,
1213 2418 1327 2473 quod
1353 2433 1496 2472 parum
1524 2419 1644 2458 abest

215 2479 266 2517 ab
289 2479 361 2515 illa
386 2490 479 2517 vera
507 2475 883 2527 Falckenburgiani
909 2474 1006 2514 libri
1032 2474 1236 2521 lectione,
1269 2474 1389 2514 cuius
1411 2488 1491 2528 ope
1510 2481 1639 2514 totam
1689 2493 1690 2518 ς

214 2533 464 2584 Apollodorl
481 2532 627 2586 χρῆσιν
650 2531 709 2570 ita
734 2530 917 2584 refingo:
