1690 2996
631 135 682 174 Χ.
744 140 834 179 108.
1347 138 1454 195 1⁶37

145 251 189 292 ἓν
209 249 254 292 δὲ
273 249 352 297 τοῖς
362 243 463 290 ’.Ιππ
485 246 788 300 πολιτοίχοισιν]
818 246 1099 286 Deterrimum
1129 245 1233 286 illud
1263 245 1452 285 librario·

37 318 136 350 rum
133 317 269 358 genua
279 304 486 357 portentis
498 302 743 365 generandis
754 310 897 340 natum
909 302 1134 343 existimes.
1155 303 1251 355 quis
1263 303 1455 352 Hippar-

36 360 106 400 clu·
121 362 384 414 Πολιτοίχους
398 361 466 398 vel
487 355 651 397 audivit
671 369 854 422 unqpam
873 359 939 396 vel
969 356 1212 408 intellexit?
1242 357 1456 396 intellexit

37 424 148 455 certe
159 429 294 455 nemo.
315 428 409 453 uam
429 414 473 452 iu
486 413 553 452 hi·
574 413 725 452 talibus
741 411 1024 466 ακαταληψιαν
1035 426 1150 450 suam
1162 412 1285 451 multi
1297 425 1455 450 mecum

35 469 247 511 liberrime
263 469 521 518 fatebuntur,
558 470 762 507 Mem-eius
780 477 915 506 tamen
937 468 987 505 ad
1011 467 1220 506 chalcidii
1243 470 1455 506 Timaeum

35 538 134 580 pag.
154 538 194 578 9.
212 526 321 564 iuter
341 534 494 564 ceteras
509 523 747 575 Hipparchi
769 521 929 561 fabulas
954 524 1206 576 Πολιτοίχους
1225 532 1454 562 enumerat.

0 592 1 619 ὲ
38 593 116 620 noa
127 580 250 620 MSS.
268 578 433 618 inducti
454 580 702 618 auctoritate
714 580 977 631 Παννυχίδας
999 577 1234 618 suffecimus
1252 572 1297 616 fl:
1317 580 1455 616 locum

0 662 1 676 η
36 637 308 690 Πολιτοὶχων·
335 635 575 676 Athenaeus
597 634 722 673 etiam
738 633 812 676 lib.
827 633 920 672 XV.
925 634 1178 687 ‘lanamve’
1157 652 1197 676 εν
1214 636 1455 686 Παννυχίδι

38 691 259 745 scripserat
285 700 327 730 et
357 690 431 729 ille
460 690 585 740 forte,
622 691 665 731 ἐν
695 691 943 744 Παννυχίσι,
981 703 1217 744 quanquam
1242 692 1456 753 vulgatam

37 747 262 786 lectionem
290 745 394 785 baut
422 755 574 786 temere
601 753 798 784 mutatam
827 746 973 796 velim,
1013 743 1220 798 siquidem
1252 743 1457 797 plurimae

38 801 125 840 aiut
144 800 323 850 fabulae,
356 814 463 864 quae
481 813 654 839 numero
672 801 841 855 singulo
863 800 913 839 ab
936 801 1030 851 hoc,
1064 798 1114 838 ab
1138 802 1271 839 altero
1299 799 1453 852 plurali

40 857 238 899 citantur
292 857 344 895 In
364 855 458 894 istis
480 869 586 922 quae
601 864 835 918 sequuntur
851 854 1009 894 editum
1028 855 1113 894 fuit
1138 864 1235 894 ante
1254 869 1357 894 nos:
1387 854 1455 895 εὑ·-

38 913 207 964 paoem
235 911 336 975 φασὶ
362 910 463 952 nard
487 927 558 960 την
582 907 662 951 τῶν
694 910 860 952 ἰδιωτῶν
886 911 1052 976 χρῆσιν,
1089 907 1296 953 πατάνιον·
1334 923 1453 963 quae,

37 966 162 1033 MSS.
178 965 360 1006 lectione
378 965 484 1019 visa,
511 979 631 1004 nemo
650 965 817 1005 futurus
835 976 910 1015 est,
952 967 1025 1019 qui
1055 969 1335 1019 amplectatur.
1379 983 1456 1008 κα-

38 1019 170 1064 τᾶνιον
184 1030 321 1060 autem
344 1022 460 1060 nulla
481 1020 586 1060 mihi
607 1020 715 1059 ratio
734 1031 796 1060 est
816 1020 860 1059 iu
880 1035 995 1075 prom
1030 1031 1089 1067 tu,
1118 1034 1199 1073 qua
1222 1035 1314 1061 vere
1329 1021 1453 1060 Grae-

40 1091 134 1116 cum
155 1075 390 1142 probetu13
404 1085 452 1115 ut
472 1076 628 1128 itaque,
658 1090 723 1116 me
750 1075 905 1125 iudice,
948 1077 996 1115 de
1029 1077 1076 1115 ili
1106 1075 1286 1115 tibicine
1311 1076 1455 1114 nitan-

39 1141 123 1180 tur,
155 1131 229 1184 qui
249 1145 272 1170 a
290 1146 477 1174 nuruum·
499 1133 566 1170 vel
583 1129 732 1181 κατᾶιη
748 1134 935 1171 catinum
965 1131 1188 1172 deducunt.
1248 1131 1454 1171 Observes

39 1185 140 1252 hic,
157 1186 230 1225 illa
249 1200 356 1240 quae
373 1187 418 1225 iu
437 1187 600 1239 vulgari
617 1185 819 1240 loquendi
838 1188 1000 1227 ratione
1021 1186 1071 1226 ab
1092 1185 1253 1226 erudita
1284 1196 1325 1226 et
1347 1186 1455 1239 poli·

40 1241 142 1282 tiori
167 1240 424 1311 discrepant,
459 1242 682 1294 praecipue
704 1255 756 1281 ex
786 1241 975 1281 dialectis
1004 1242 1207 1296 originem
1238 1240 1455 1289 derivare;

39 1296 92 1336 de
106 1294 294 1341 βατάνιον
313 1295 441 1336 tradit
457 1297 701 1348 Hesychius,
728 1307 777 1336 ut
798 1297 842 1335 in
860 1298 1153 1350 langermanni
1171 1306 1268 1335 nota
1291 1296 1451 1342 vidisti,

38 1365 183 1394 vocem
201 1350 502 1404 Syracusanam
535 1365 635 1393 esse.
680 1350 898 1405 [Bar-cinon
927 1353 972 1391 in
998 1361 1117 1391 textu
1151 1351 1241 1391 iure
1266 1351 1452 1418 reposui.

39 1406 384 1447 corroborabatur
404 1407 513 1446 euim
533 1405 655 1447 MSS.
680 1407 928 1448 auctoritate
947 1406 1049 1447 haec
1066 1407 1210 1451 lectio.
1239 1407 1309 1446 sed
1328 1404 1455 1450 κατά-

37 1478 122 1506 νων
139 1464 207 1503 vel
222 1461 391 1504 ιιᾰτανον
409 1476 497 1502 esse
515 1461 712 1501 Graecam
734 1476 878 1502 vocem
907 1477 993 1502 nou
1024 1463 1128 1502 bene
1155 1463 1326 1517 negavi,
1360 1478 1455 1502 cum

19 1531 128 1566 *eam
150 1517 370 1572 agnoverit
389 1517 531 1568 Varro,
560 1516 739 1572 indeque
764 1522 950 1556 catinum
974 1517 1208 1558 deduxerit.
1247 1520 1308 1557 sic
1339 1518 1451 1557 enim

41 1571 113 1612 ille
134 1570 185 1611 de
203 1573 254 1612 L.
274 1572 330 1613 L.
348 1571 424 1612 lib.
443 1573 521 1614 IV.
550 1573 786 1623 acapiendo
807 1576 992 1612 catinum
1003 1576 1345 1621 nominem-unu
1374 1576 1456 1612 nisi

41 1626 152 1680 quod
180 1627 313 1666 Sicula·
349 1627 491 1666 dicunt
523 1625 707 1678 κᾶτινον,
747 1629 820 1667 ubi
853 1642 952 1667 assa
984 1629 1205 1679 ponebant.
1255 1628 1456 1681 quaedam

41 1681 288 1735 exemplaria
308 1699 472 1725 κατανον
491 1682 659 1728 habent,
692 1683 803 1736 quod
836 1697 858 1721 a
876 1684 1100 1749 plerisque
1134 1681 1335 1750 probatur
1359 1699 1458 1722 eru-

42 1735 160 1781 ditis.
190 1735 289 1777 vide
306 1738 574 1791 Scaligerum.
613 1738 756 1791 itaque
774 1749 815 1777 et
833 1735 1002 1787 κᾶτανος
1020 1740 1084 1778 vel
1102 1735 1286 1780 κατᾶνιον
1302 1749 1364 1778 est
1384 1753 1458 1778 vo-

41 1790 230 1832 cabulum
248 1793 431 1847 genuine
451 1793 652 1834 Graecum
676 1802 719 1833 et
735 1794 853 1848 origo
866 1793 1049 1833 Romani
1070 1794 1253 1833 nominis
1275 1797 1455 1837 catinus.

39 1840 108 1889 B}
132 1846 379 1901 Λᾰᾰεηᾱίε.]

149 1902 361 1971 εὔρεῐσθαί
376 1905 491 1957 φασι]
506 1878 617 1970 MS.
636 1902 833 1960 εὑρῆσθαι
853 1906 990 1956 φασίν.
1047 1905 1177 1945 que.

149 1955 257 2002 3⁸¹⁶
272 1977 305 2002 ἵ·
327 1962 428 2001 '‘10·
447 1960 603 2013 xvh-MV»
633 1960 742 2013 κατι]
775 1960 824 2000 C
845 1960 895 2002 V.
915 1959 1133 2013 cumeum«
1148 1961 1352 2014 εἶ’ρημενον
1379 1966 1459 2015 βα-

40 2008 192 2057 snium-
220 2013 331 2086 quod
347 2025 503 2055 rectum
526 2025 602 2055 est.
658 2017 839 2055 limam«.

153 2087 254 2112 κατα
274 2087 309 2111 r·
330 2089 363 2113 τ.
387 2073 439 2111 ι’δ.
459 2072 614 2124 χρῆσιν,
642 2071 751 2141 unt-J
787 2071 984 2124 Eruenda,
1015 2081 1065 2110 ut
1092 2073 1184 2112 MS.
1213 2081 1356 2110 noster
1379 2070 1459 2108 ha-

45 2122 126 2175 bet,
154 2142 252 2168 κατα
269 2143 340 2174 την
356 2127 434 2167 τῶν
452 2127 620 2168 ἰδιωτων
638 2134 858 2177 συνηθειαν
886 2128 1109 2182 εἰρημένον,
1136 2125 1333 2179 βατάνιον.
1389 2126 1459 2165 Sic

45 2179 155 2224 onim
175 2181 327 2220 diserte
345 2182 438 2222 MS.
459 2193 612 2230 noster,
642 2197 728 2222 non
751 2182 946 2232 πατάνιον,
974 2195 1022 2223 ut
1040 2186 1166 2235 vulgo
1188 2192 1260 2222 est.
1298 2183 1355 2219 Et
1376 2196 1460 2220 cer-

45 2241 89 2274 to
107 2235 158 2276 de
174 2238 354 2290 πατανῖῳ
369 2237 450 2275 iam
471 2238 571 2275 satis
588 2237 774 2290 dixeratr,
800 2253 877 2278 uec
896 2239 939 2277 id
972 2237 1294 2290 improbaverat.
1324 2235 1459 2287 βατά-

46 2299 129 2332 νιον
146 2304 244 2331 vero
273 2291 359 2331 dici
386 2295 555 2347 vulgato
580 2307 693 2332 more
723 2293 891 2333 videtur
914 2294 1124 2342 indicare,
1163 2293 1372 2345 quamvis.
1411 2302 1459 2330 ut

47 2356 169 2398 supra
189 2345 297 2398 dixi,
327 2347 437 2400 apud
458 2349 719 2387 Athenaeum
735 2349 808 2388 lib.
829 2350 903 2389 IV.
925 2350 1012 2388 fere
1032 2362 1083 2386 ex
1102 2357 1167 2387 tot
1195 2348 1300 2386 locis
1329 2349 1457 2386 Comi-

48 2410 182 2438 eorum
200 2401 418 2453 adferatur,
447 2417 500 2441 ex
520 2413 622 2457 quot
647 2407 835 2443 alterum.
891 2404 1123 2454 Hesychius
1145 2403 1226 2442 ait.
1262 2398 1457 2452 Βατᾶνια,

47 2469 96 2494 τα
113 2454 292 2503 λοπάδια,
320 2475 345 2506 η
367 2461 408 2499 δὲ
438 2461 538 2511 λέξις
565 2456 772 2508 Σικελικη
840 2461 917 2498 Et:
955 2456 1162 2510 Παιάνια,
1187 2455 1248 2499 roi
1263 2461 1456 2501 ἐκπέταλα

49 2505 215 2551 λθποῖδια
233 2521 309 2553 ete.
330 2516 398 2555 καί
415 2530 517 2562 τινες
542 2514 582 2555 δὲ
600 2511 668 2555 δια
694 2516 762 2555 τοῦ
787 2519 816 2566 β
841 2512 1010 2566 βατάνια
1037 2516 1223 2567 staff-romunt
1291 2514 1338 2557 Si
1364 2517 1456 2568 quis

49 2572 183 2613 tamen
203 2569 413 2620 vulgatum
434 2567 620 2612 πατάνιον
640 2569 711 2608 hic
731 2570 1000 2623 pertinaciter
1018 2569 1229 2621 defendat,
1259 2581 1306 2609 ut
1335 2585 1355 2609 a
1386 2586 1453 2609 ca-
