1690 2996
735 125 795 165 X.
853 129 919 170 62.
1431 125 1541 168 1467

153 248 197 276 ro
216 234 366 275 olearia
386 237 564 289 ampulla
585 234 801 290 scripsisse
828 234 1080 275 Chaldaeum
1110 237 1369 289 Interpretem
1394 246 1407 274 ι
1432 233 1536 285 Reg.

121 249 257 332 RVH.
280 303 323 330 v.
358 292 420 332 14.
485 290 567 333 Se'd
599 291 650 331 de
678 290 832 330 talibus
864 291 1053 346 equidem
1084 293 1194 332 nihil
1226 290 1448 346 quicquam
1474 298 1540 328 m'e

123 347 327 385 dicturum
348 346 626 400 promiseram.
657 343 864 396 ληκύθιον,
897 346 1009 399 quod
1027 347 1071 386 in
1096 349 1270 387 Auctore
1295 354 1438 385 nostro
1469 358 1540 383 se·-

116 401 283 457 'quitun
323 407 514 455 corrupte
551 402 771 461 ληκῦνθιον
807 401 1002 441 scribitur
1038 400 1541 455 in'Apophthegmotibus

113 458 321 506 macarii,
347 456 422 495 ubi
457 457 712 496 foedissimis
742 457 921 502 fabulis,
965 470 1137 510 quarum
1170 468 1349 513 segetem
1377 458 1536 508 plenam

121 524 143 551 a
162 510 304 566 primis
323 511 554 551 Christiani
586 516 721 552 cultus
750 510 1005 566 temporibus
1039 516 1165 565 paulo
1194 513 1394 552 remotior
1427 521 1537 550 aetas

121 567 231 615 tulit,
259 568 423 622 egregia
447 567 529 606 viri
557 568 833 607 sanctimonia
865 578 1178 620 conspurcatur.
1215 568 1402 607 referunt
1427 565 1536 605 enim

119 618 399 662 beatissimum
421 621 631 662 hominem
651 623 917 676 conspexisse
938 622 1201 668 daemonem.
1238 623 1308 677 qui
1338 621 1453 661 visus
1482 621 1539 659 sit

114 676 202 730 'ipsi
219 674 274 726 aie
292 677 492 747 στιχοὶςιον
511 677 643 733 φοραῖν
666 682 800 721 λινοῦν
824 674 1069 732 τραῖγλωτον,
1099 682 1166 721 aaz
1192 676 1292 720 κατᾶ
1319 674 1538 731 τρυμαλιοῒν

115 733 305 786 ’ἐκρέματο
323 738 565 785 ληκυνθιον·
594 735 829 788 iterumque
847 748 968 774 mox:
999 736 1067 776 nat
1087 736 1151 776 ἵνα
1177 735 1218 776 τί
1234 750 1298 777 σοι
1325 731 1375 774 τά
1400 732 1539 780 inuniv-

111 793 195 830 'em
234 788 379 831 ταῦτα·
417 789 468 829 ad
505 803 610 844 quae
638 789 864 843 respondet
891 792 1022 829 malus
1054 790 1125 829 ille
1154 789 1326 844 genius:
1389 785 1539 852 {ripeta

119 847 643 954 ἕέἓῗξῖἴᾶἶὲἔῖἕίέἵία
661 847 1385 955 ¹0¹3.¹5:.‘¹¹.²‚2.313'1¹;„2¹“23153123'232.
1398 855 1539 949 ¹221?ss

119 959 226 1004 θισν,
255 954 479 1008 eademque
498 956 662 994 ratione
682 954 1002 1004 restituendum,
1030 955 1147 995 sisic
1174 966 1216 996 et
1248 955 1348 994 alibi
1378 955 1421 992 in
1456 967 1537 1007 po-

120 1010 305 1048 sterioris
330 1010 476 1050 aetatis
497 1009 772 1063 scriptoribus
797 1011 1048 1058 occurrerit;
1088 1023 1173 1050 non
1196 1010 1305 1051 enim
1333 1023 1424 1048 raro
1449 1023 1538 1048 me-

122 1063 226 1102 mini
247 1073 484 1118 corruptum
506 1064 741 1105 offendisse.
797 1064 948 1104 Videas
969 1075 1105 1105 tamen
1138 1074 1179 1105 et
1209 1065 1380 1104 Suidam
1399 1064 1450 1104 de
1468 1070 1538 1115 λη-

121 1121 263 1173 αυθίῳ,
293 1119 364 1185 ‘3¹¹5
394 1120 518 1159 istum
556 1120 751 1161 Auctoris
781 1120 957 1160 alicuius
987 1120 1157 1161 adducit
1186 1123 1349 1162 locum:
1391 1121 1466 1175 εἶχε
1498 1124 1539 1163 δὲ

115 1176 190 1216 ’καῖ
209 1177 251 1217 ἓν
271 1190 315 1231 τῃ
335 1170 436 1231 seim
465 1175 660 1226 ληκύθιον
686 1177 1009 1230 παρηρτημένον,
1051 1179 1093 1220 ἓν
1124 1175 1159 1230 ᾦ
1186 1176 1229 1218 td
1254 1175 1463 1230 φάρμακον
1488 1174 1539 1227 ἦν

117 1226 168 1271 ω’
183 1228 426 1282 θανάσιμον·
454 1230 565 1271 unde
583 1231 818 1285 saepissime
841 1242 1000 1271 veteres
1023 1231 1074 1271 ad
1096 1241 1264 1277 vestem,
1296 1235 1362 1272 vel
1387 1232 1437 1271 ad
1462 1246 1537 1272 zo-

118 1298 212 1323 uam
231 1284 452 1339 adpensam
478 1284 671 1326 habuisse
699 1287 911 1340 lecythum
942 1297 1127 1335 constat,
1169 1286 1282 1340 quod
1312 1287 1382 1327 illa
1402 1289 1535 1327 'etiam

119 1338 171 1379 de
191 1341 383 1379 Maean-io
402 1340 739 1394 comprobabant.
797 1342 945 1394 Neque
966 1351 1126 1381 tantum
1151 1345 1286 1382 oleum
1311 1353 1382 1382 aut
1419 1343 1535 1383 cibos

117 1392 162 1433 in
185 1393 373 1445 ληκύθοις
395 1396 601 1448 repositos
634 1395 863 1447 habebant,
900 1396 970 1437 sed
1002 1409 1042 1437 et
1071 1407 1298 1451 argentum,
1330 1406 1378 1436 ut
1400 1408 1535 1438 osten·

116 1448 182 1489 'dit
205 1452 480 1504 Harpocratio
503 1451 546 1490 in
567 1447 875 1502 Αὕτολῆκυθος·
914 1456 982 1495 καὶ
1007 1452 1082 1507 yde
1107 1453 1213 1508 εἶχον
1239 1455 1280 1495 ἓν
1311 1456 1398 1502 τοῖς
1421 1453 1536 1503 ληκύ·

116 1516 211 1553 θοις
231 1503 417 1561 α’ργύριον
430 1519 441 1531 ·
471 1505 598 1560 idque
621 1507 780 1547 demum
803 1509 1049 1549 auctoritate
1068 1511 1238 1560 Diphili
1255 1508 1298 1547 in
1317 1507 1537 1561 Ἀποβάτῃ,

116 1569 165 1600 ut
183 1561 335 1601 eximie
358 1564 496 1600 locum
519 1563 705 1602 restituit
728 1566 990 1614 Matinae-us,
1020 1564 1274 1617 comprobat.
1311 1574 1352 1604 et
1373 1565 1433 1603 ibi
1454 1557 1535 1604 alia

118 1615 241 1655 etism
265 1615 315 1656 de
335 1614 534 1670 ληκύθοις,
567 1631 673 1671 quae
691 1618 770 1658 iam
790 1628 975 1672 repetere
999 1633 1083 1659 uon
1103 1620 1215 1662 licet.
1273 1619 1354 1660 Sed
1379 1619 1535 1660 dudum

118 1670 243 1710 nimis
265 1670 309 1710 in
333 1670 400 1710 his
426 1671 590 1714 haereo.

62 1721 66 1724 ⁹
226 1727 292 1768 καῖ
314 1728 556 1782 στλεγγίδες·
585 1731 652 1770 καὶ
678 1730 861 1782 ξυστίδας
889 1731 996 1783 etc.]
1035 1731 1106 1772 Sic
1142 1740 1184 1770 et
1211 1731 1306 1771 MS.
1329 1733 1536 1772 Henricus

115 1782 362 1834 Stephanus,
385 1792 492 1829 sunt,
512 1785 665 1837 inquit,
696 1786 842 1837 quibus
862 1787 1130 1837 reponendum
1158 1787 1351 1826 videatur
1365 1791 1535 1840 ξυστρῖς,

110 1837 226 1890 ,quod
244 1837 358 1889 opud
373 1840 545 1892 Hesych.
571 1842 735 1893 legitur.
792 1840 898 1880 Nam
917 1845 1048 1894 ξυστῖς
1066 1845 1305 1898 plerumque
1327 1843 1536 1898 significat

118 1901 271 1933 vestem
292 1894 429 1932 crocei
451 1895 616 1942 coloris,
651 1909 770 1948 quam
805 1896 970 1950 aurigae
991 1897 1033 1935 in
1066 1911 1215 1950 pompa
1242 1909 1402 1952 gestare
1429 1902 1535 1938 sole·

117 1945 230 1986 bant.
249 1961 271 1985 e
288 1949 403 1990 said.
425 1959 466 1988 et
476 1949 611 1990 Schol.
630 1951 843 2003 Aris-toph.
867 1952 939 1991 fol.
957 1951 1022 1994 65.
1045 1952 1115 1992 sed
1133 1952 1206 1991 ubi
1229 1963 1345 1994 ante:
1376 1953 1536 2005 ξὺστιδα

115 2003 463 2060 ὴροπαροξυντέον.
519 2005 600 2044 Pro
620 2016 732 2046 veste
763 2020 885 2058 supra
914 2017 1028 2047 extat
1058 2008 1164 2060 VII,
1203 2010 1271 2064 49.
1299 2009 1372 2048 ubi
1398 2019 1534 2049 tamen

113 2061 258 2097 contra
278 2057 391 2098 illam
411 2059 725 2100 distinctionem
746 2061 789 2099 in
810 2063 903 2102 MS.
925 2066 1093 2117 ξυστρίς.
1151 2066 1248 2105 81η.
1349 2066 1354 2070 ’

222 2115 290 2155 aaut
314 2117 554 2169 στλεγγίδες·
591 2119 659 2158 καῖ
683 2120 866 2167 ξυστίδας
888 2120 988 2171 etc.]
1020 2120 1065 2160 C.
1097 2119 1146 2160 A.
1180 2120 1330 2158 iterum
1360 2119 1535 2158 coniun-

116 2167 275 2207 ctiones
303 2171 480 2219 omittit,
517 2180 558 2210 et
582 2174 623 2213 δὲ
654 2183 747 2225 post
767 2175 964 2223 ξυστίδας.
1004 2174 1051 2215 C.
1080 2175 1132 2217 V.
1163 2177 1367 2229 στελγίδες.
1406 2174 1533 2215 Salm-

115 2225 309 2277 ’στεγγίδες
328 2228 442 2266 male.
471 2226 651 2266 Kmmu.

222 2282 288 2320 καὶ
307 2284 544 2335 στλεγγίδες·
575 2285 640 2323 καί
663 2285 847 2333 ξυστίδας
875 2285 972 2336 etc.]
1011 2284 1102 2324 MS.
1133 2285 1200 2327 καὶ
1227 2286 1439 2337 στελγίδες·
1468 2288 1536 2327 καὶ

118 2334 306 2382 ξυστίδες·
337 2336 449 2388 quod
475 2337 823 2378 ultimum-tamen
858 2339 1096 2378 emendavit
1130 2342 1221 2392 quis
1252 2340 1533 2392 suprascripto

117 2393 164 2434 ἃς
186 2387 229 2424 in
251 2390 415 2440 syllaba'
430 2393 588 2431 uitima.
618 2394 735 2432 fuere
755 2404 889 2432 autem
912 2397 1108 2447 στελγίδες
1129 2409 1211 2433 uon
1233 2404 1313 2432 tam
1341 2397 1424 2433 cito
1449 2411 1532 2432 mn-

116 2440 276 2491 tandae,
307 2447 496 2498 quamvis
519 2461 641 2499 supra
663 2452 868 2501 στλεγγίδα
886 2445 1146 2488 babuerimus
1171 2449 1250 2499 ΙΙΙ,
1286 2449 1374 2491 154,
1395 2460 1434 2488 et
1457 2452 1533 2498 IV,

120 2502 208 2534 120.
265 2498 318 2536 Et
338 2502 506 2539 alterum
535 2503 642 2541 enim
664 2503 872 2542 dicebant.
894 2504 1119 2556 Hesychius
1133 2517 1146 2544 z
1173 2506 1348 2559 Σιέλγει,
1368 2502 1532 2559 gimpa·

114 2553 195 2600 (an
222 2545 364 2607 ξύστρᾳ
376 2554 417 2608 Ρ)
438 2561 616 2610 Στελγῖς,
646 2562 826 2612 ξυσιρίς·
858 2558 955 2597 vide
983 2568 1022 2596 et
1048 2560 1221 2598 Suidam
1249 2561 1292 2599 in
1318 2565 1519 2616 στιλγίδες·

1034 2625 1068 2663 Α
1083 2640 1103 2663 a
1117 2639 1136 2664 a
1154 2641 1174 2664 a
1189 2640 1209 2664 a
1243 2631 1269 2670 2
