1690 2996
210 85 315 125 1522
830 79 884 122 X.
943 82 1012 125 75.

205 191 448 256 opinionem
472 190 653 230 voluerit
671 189 913 243 concedere,
943 193 1177 234 sententiae
1196 202 1356 234 menon
1370 193 1632 248 poenitebitz

202 247 307 288 sed
296 247 442 286 inveni
463 257 614 296 tamen,
643 246 755 302 quod
784 248 914 302 magis
946 249 1070 288 etiam
1100 249 1205 288 mihi
1233 249 1514 292 adblanditur.
1560 266 1632 292 nr-

203 303 332 344 duum
350 303 459 342 enim
484 312 546 341 est
571 303 613 341 in
635 312 717 341 tam
739 301 983 343 difficilibus
1004 318 1052 344 ac
1069 305 1284 358 implicitis
1311 306 1444 358 ipsam
1473 307 1634 347 verita-

205 359 261 397 tis
281 359 389 398 viam
412 374 434 397 e
455 358 633 413 vestigio
654 357 859 423 detegere.
895 360 1014 399 lubet
1040 361 1185 414 itaque
1205 375 1296 400 cum
1322 363 1523 402 Vossiano
1542 363 1632 402 Co-

205 413 296 454 dice
319 414 561 454 divellere
541 433 580 463 ες
604 412 805 481 τροπήἰον,
843 429 947 470 quae
965 417 1192 455 Palatinus
1220 417 1386 456 solenni
1419 417 1630 458 scribendi

202 484 316 510 more
337 470 642 509 coniunxerat.
669 465 889 520 Στᾶζουσιν
920 471 1055 526 ὥσπερ
1083 475 1124 520 ἐς
1150 471 1338 526 τροπήῖον
1366 490 1501 521 canoc-
1551 483 1631 513 lstn

203 541 296 566 cum
315 523 443 564 simili
463 525 626 565 ratione
639 526 920 566 constituebat
929 529 1271 580 langermannm,
1300 527 1449 568 melius
1466 529 1632 595 agebat,

202 596 250 622 ac
268 596 360 621 cum
393 582 662 621 assentiretur
683 582 915 622 salmasio.
955 583 1027 622 scd
1057 583 1128 623 ille
1157 593 1292 624 tamen
1325 598 1419 634 cum
1443 582 1632 638 τροπήῖον

202 652 275 678 vas
295 637 490 691 exponit,
521 651 600 690 quo
621 637 851 689 utebantur,
884 639 1048 691 quando
1065 653 1187 678 sacco
1209 644 1352 678 vinum
1379 647 1628 687 castrarent,

204 708 289 747 quo
310 694 354 734 id
373 696 510 732 colore
539 695 688 732 lectori
711 694 945 734 conciliet?
987 708 1038 732 an
1073 694 1203 748 magis
1232 696 1470 748 appositum
1499 696 1544 734 id
1573 697 1630 734 sit

202 751 407 795 futurum,
439 748 551 803 quod
571 750 815 818 proferam,
853 750 976 802 aequi
1009 751 1180 789 lectoris
1206 760 1251 790 et
1275 750 1430 790 eruditi
1459 751 1626 791 iudicio

199 807 424 859 permitto:
455 802 644 858 τροπήϊυν
663 805 825 844 scilicet
845 804 950 842 mihi
972 804 1104 844 videri
1120 804 1169 844 ab
1183 807 1450 858 Hipponacto
1469 807 1627 846 dietum

203 863 384 902 torcular
402 860 485 902 a'no'
504 862 572 903 τοῦ
589 863 760 913 τρέπειν,
789 875 816 898 a
836 861 1036 909 vertendo,
1077 874 1163 899 nou
1192 861 1273 900 alia
1300 863 1491 915 rationo,
1528 876 1578 902 ac
1605 876 1628 901 a

199 917 403 956 Romanis
421 918 606 955 torcular
624 931 645 954 a
665 916 908 968 torquendo:
938 893 1135 956 trochleis
1155 917 1266 955 enim
1279 917 1440 959 solebat
1453 928 1628 971 torque·-

201 974 237 1014 ri
259 983 299 1012 et
319 972 524 1011 converti.
567 973 732 1012 Vitruv.
755 969 827 1013 lib.
850 972 919 1013 VI.
953 986 990 1015 c.
1019 986 1056 1026 9.
1102 973 1327 1020 Torcular,
1365 976 1405 1012 ss·
1430 987 1518 1012 non
1545 981 1626 1012 tro·

200 1030 326 1068 cblaeis
345 1036 570 1081 torquetur.
603 1028 675 1074 sed
693 1028 874 1066 vectibus
902 1035 940 1065 et
964 1028 1106 1080 praelo
1133 1031 1346 1079 premitur.
1384 1038 1513 1081 atque
1538 1040 1627 1068 ean

199 1086 243 1125 in
266 1099 349 1124 rem
367 1088 485 1137 plura
505 1084 771 1136 reperiuntur
791 1083 836 1121 in
861 1084 1012 1122 Catone
1030 1093 1071 1122 et
1091 1083 1275 1123 Varrone
1294 1083 1344 1124 de
1360 1085 1420 1123 Re
1435 1085 1627 1135 Raetica,

199 1141 272 1179 ubi
297 1139 518 1179 torcularis
554 1138 809 1188 describunt,
848 1139 1084 1193 quibusque
1109 1139 1300 1193 partibus
1329 1150 1522 1179 constare
1550 1140 1626 1180 de-

197 1196 337 1246 beant,
367 1196 606 1236 ostendunt.
638 1195 769 1248 magis
789 1194 831 1234 id
851 1204 987 1234 autem
1008 1195 1238 1234 communit
1256 1194 1490 1237 similitudo
1509 1197 1627 1236 vocis

197 1261 415 1305 trapetum,
450 1266 571 1304 quam
594 1252 746 1290 molam
761 1253 962 1289 oleariam
982 1251 1160 1302 exponit
1177 1251 1325 1296 Varro,
1355 1247 1435 1293 ἀπὸ
1455 1253 1532 1293 ταῦ
1542 1253 1626 1305 ²9⁶⁹·

195 1324 307 1358 πειν,
348 1307 459 1361 quod
489 1307 533 1344 in
564 1307 704 1345 orbem
738 1315 960 1372 vertatur&
994 1307 1166 1360 parique
1199 1307 1364 1346 ratione
1401 1308 1625 1347 torcularia

199 1363 400 1416 quaedam
421 1363 538 1402 fuere
568 1373 833 1412 constructa;
875 1362 1028 1400 variam
1054 1362 1166 1403 enim
1196 1375 1340 1402 eorum
1372 1372 1624 1402 structuram

197 1420 327 1459 fuisse
347 1432 468 1458 nemo
487 1417 710 1456 humanior
729 1418 908 1471 ignorat,
940 1427 987 1456 ut
1008 1418 1164 1472 agitata
1192 1427 1390 1470 tanquam
1419 1421 1554 1457 molae
1581 1428 1625 1458 et

197 1476 240 1515 iu
266 1475 405 1514 orbem
422 1483 511 1512 acta
536 1487 639 1513 uvas
662 1474 955 1525 exprimerent.
986 1472 1171 1526 denique
1192 1472 1306 1526 quod
1329 1473 1380 1512 ab
1410 1475 1525 1513 omni
1552 1489 1625 1513 ca-

196 1529 417 1571 villatione
436 1529 678 1582 opinionem
708 1543 837 1569 meam
861 1528 1064 1579 vindicat,
1093 1528 1277 1576 honest,
1316 1528 1429 1583 quod
1457 1532 1626 1582 τραπεῖν

197 1586 307 1637 apud
334 1587 515 1626 Graecos
536 1586 592 1624 sit
615 1600 716 1623 uvas
743 1587 972 1638 exprimere,
1004 1599 1110 1623 uvas
1138 1586 1182 1623 ἰη
1216 1586 1419 1624 torculari
1444 1587 1622 1629 calcare.

194 1643 450 1695 Hesyclzium
474 1641 594 1681 audi·
632 1642 818 1693 wamba,
849 1643 1106 1690 ληνοπατεῒν·
1139 1640 1395 1706 iterumque:
1427 1643 1626 1692 Τραπέου-

196 1717 253 1749 σι,
283 1699 476 1743 πατοῦσιν
498 1697 563 1741 ἐπὶ
583 1698 632 1753 τῆ
654 1698 769 1751 ληνῷ.
818 1698 1052 1748 Τραπεόντο,
1080 1695 1314 1745 ἐπατοῦντο,
1333 1695 1509 1747 fraveita*
1527 1714 1624 1752 τρο-

194 1774 274 1805 nnn
287 1752 506 1823 λαμβάνειν
524 1753 591 1797 τόν
607 1743 752 1817 βότρυν
770 1755 1026 1802 πατηθέντα·
1053 1761 1103 1790 et
1111 1751 1210 1790 hinc
1223 1751 1511 1792 deducendum
1531 1768 1623 1806 τρω-

194 1829 333 1862 πητος,
355 1825 460 1863 quae
483 1824 568 1848 vox
587 1810 729 1848 vinum
749 1809 951 1863 designat,
977 1807 1089 1862 quod
1104 1807 1297 1846 scilieet·
1285 1821 1330 1845 tn
1345 1809 1621 1848 torcularibus

193 1869 463 1920 exprimatur.
492 1864 684 1904 laudatus
696 1865 1056 1918 Lexicograplzusz
1092 1859 1315 1916 Τραπητος,
1346 1862 1371 1905 o‘
1395 1864 1511 1912 οἶνος.
1541 1864 1620 1903 111·

193 1937 293 1965 vero
316 1922 419 1977 quin
442 1920 684 1959 deriventur
697 1937 716 1960 a
731 1923 899 1975 τρέπειν,
931 1935 1017 1959 non
1032 1919 1203 1958 dubium
1223 1929 1285 1959 est
1305 1931 1358 1958 ex
1377 1918 1480 1972 ipsis
1491 1922 1621 1972 Hesy-

193 1981 281 2019 chii
302 1977 455 2018 verbis.
498 1975 628 2028 igitur
651 1986 691 2014 et
713 1977 794 2015 hoc
814 1986 935 2029 pacto
966 1973 1150 2026 ιροπήϊον
1169 1973 1327 2027 lonico,
1357 1976 1422 2014 vel
1439 1991 1621 2028 τροπειον

193 2035 244 2075 de
271 2030 470 2074 torculari
501 2032 821 2095 intelligendum
856 2042 935 2082 est,
972 2031 1160 2098 quamvis
1189 2046 1242 2072 ex
1269 2029 1360 2068 istis
1389 2043 1494 2083 quse
1523 2031 1619 2070 dixi

193 2088 411 2145 cogitandi
458 2086 553 2141 quis
594 2101 756 2126 causam
798 2088 972 2140 arripiat
999 2081 1193 2139 τραπηϊον
1229 2085 1444 2138 scripsisse
1472 2087 1617 2152 potius

192 2150 506 2199 Hipponactem.
551 2153 671 2182 antea
703 2145 832 2182 menti
862 2151 1140 2193 sunem-terat,
1180 2144 1352 2196 parvula
1383 2142 1618 2182 mutatione

192 2201 360 2244 restitui
379 2214 499 2253 posse
524 2196 730 2252 τρυπήΐον,
761 2217 840 2240 αηο
867 2200 934 2241 τοῦ
959 2196 1125 2251 τουπᾷν,
1157 2197 1270 2252 quod
1289 2197 1558 2248 Hesychius·
1547 2212 1617 2236 tn-

194 2267 444 2310 terpretatur
461 2257 628 2308 τρίβειν,
661 2269 766 2308 quae
792 2269 875 2294 vox
897 2253 1037 2293 eadem
1060 2264 1169 2292 esset
1190 2268 1237 2292 ac
1259 2254 1445 2305 τριβεῖον,
1486 2254 1615 2292 sicuti

194 2314 350 2353 dicitur
367 2313 667 2365 ἐλαιοτριβιῒον·
699 2310 772 2350 secl
794 2310 900 2350 bene
920 2309 1042 2349 habet
1059 2309 1259 2363 τροπήὶον,
1290 2317 1338 2347 ut
1356 2308 1455 2347 satis
1475 2322 1618 2362 super.

196 2384 276 2422 que
297 2368 591 2408 demonstravi.
624 2366 773 2419 Neque
794 2379 893 2406 vero
914 2365 1007 2418 quis
1032 2365 1218 2414 miretur,
1248 2377 1351 2404 voce
1366 2373 1446 2403 tam
1468 2364 1615 2418 ignota

194 2435 236 2463 et
258 2425 433 2463 obscura
454 2425 757 2475 Hipponactem
775 2436 895 2461 usum
923 2421 1073 2470 fuisse,
1115 2429 1208 2459 cum
1241 2420 1383 2460 Ionica
1413 2419 1616 2472 loquendi

194 2481 326 2518 forma
348 2478 583 2518 lamborum
605 2479 787 2529 scriptor
809 2477 858 2516 ab
891 2491 968 2516 usu
992 2476 1158 2530 plebeio
1189 2486 1366 2516 remotas
1398 2489 1522 2515 voces
1550 2489 1615 2513 ca·

193 2535 327 2588 ptavit
350 2534 805 2588 adhibere-'sanequam
830 2535 983 2572 Tzetzes
1003 2532 1053 2571 ad
1074 2533 1378 2585 Lycophronem
1408 2545 1515 2586 quae
1541 2544 1614 2572 vn»
