1690 2996
119 102 226 143 1828
744 97 799 139 X.
857 101 925 141 21.

122 206 282 248 dendus
306 207 490 249 videtur.
549 207 717 249 Caetera
744 207 836 246 aliis
862 207 1086 260 relinquo.-
1112 220 1198 246 non
1227 205 1367 246 omnia
1388 220 1546 260 possu-
1605 199 1610 205 ’

120 277 210 303 mus
236 273 392 304 omues.
423 273 463 303 et
486 278 562 318 ego
593 279 721 304 meam
743 263 994 316 imperitiam
1015 276 1098 301 non
1118 262 1376 301 dissimulavi
1398 261 1547 301 hacte-

122 333 200 358 nus
227 319 270 356 in
291 319 393 357 locis
416 318 726 358 difficilioribus
749 321 815 358 vel
835 317 1026 357 leviculis
1049 319 1184 359 etiam,
1213 331 1296 356 non
1320 331 1479 373 semper
1499 317 1545 356 in

123 372 245 413 nobis
266 374 449 427 positum
472 384 535 414 est
556 375 723 414 criticos
748 387 861 423 esse,
890 372 960 411 sed
981 372 1024 410 in
1051 382 1197 411 natura
1219 372 1400 424 saepius.
1431 372 1546 411 Alias

122 430 374 484 σταθμοῦχος
402 440 443 468 et
474 429 583 482 apud
623 430 873 483 Hesychium
899 427 1139 482 exponitur.
1186 427 1210 469 ὅ
1235 427 1306 477 τῆς
1331 427 1464 478 οἰκίας
1480 423 1548 470 ani·

124 501 211 540 9⁸⁰4·
235 488 303 526 καὶ
321 484 536 539 ξενοδόχος.
592 485 718 525 Iuno.

231 538 524 592 Ἀριστοφάνης
555 537 599 582 δ’
625 541 733 593 etc.]
772 537 940 579 Dedere
956 547 1118 578 nosmet
1136 547 1304 590 oportet
1322 537 1548 577 consensui

124 594 248 636 MSS.
281 596 355 650 qui
375 597 652 648 Antiplianem
664 595 735 634 hic
753 595 873 635 nobis
895 608 969 647 pro
992 594 1271 645 Aristophane
1287 601 1548 645 supponunt.

125 651 210 688 fuit
233 661 275 691 et
299 651 506 705 superiori
523 651 631 691 libro
655 650 795 691 eadem
817 651 1035 702 utriusque
1055 648 1238 688 nominis
1259 648 1549 687 commutatio·

125 719 177 744 ne
198 716 415 758 peccatum
436 708 479 745 in
502 706 698 761 vulgatis.
717 705 788 746 sed
811 714 852 744 et
875 705 936 743 ibi
965 718 1042 742 uos
1053 703 1264 742 meliorem
1285 702 1334 742 de
1351 703 1470 744 MSS.
1493 705 1549 743 le-

126 762 307 801 ctionem
340 762 613 801 restituimus.
662 761 713 800 de
741 760 921 815 Ὀβρῐμῳ
953 773 1038 798 non
1071 757 1239 797 aliunde
1259 758 1411 798 rescivi
1433 757 1551 812 quic·

128 829 265 869 quam.
302 826 345 857 et
371 817 552 856 fabulam
582 818 692 855 illam
715 816 986 867 Aristophani
1015 813 1165 852 vitiosa
1189 812 1318 852 huius
1341 813 1427 852 loci
1449 816 1551 852 scri·

126 880 250 922 ptura
287 872 486 911 inductus
517 871 751 911 contribuit
780 871 825 909 in
862 872 1013 908 Attica
1041 868 1302 906 Bibliotheca
1330 870 1548 910 Mem-sius.

126 926 422 980 Progredimur
449 927 500 966 ad
530 928 668 978 ipsum
699 926 954 976 Antiphanis
983 927 1136 963 locum.
1184 923 1323 976 priora
1355 924 1416 962 sic
1454 934 1551 963 ante

128 995 205 1020 nos
221 981 333 1022 edita
353 983 470 1022 fuere
483 998 496 1020 .·
522 982 573 1023 ἄν
593 979 731 1039 κελεύῃ
759 980 1028 1034 σταθμοῦχος,
1060 977 1088 1028 ἢ
1105 980 1352 1032 σταθμοῦχος
1371 978 1456 1020 ἔστι
1470 981 1552 1029 11¹9,-

127 1036 170 1075 in
192 1037 277 1076 illis
298 1037 566 1077 emendandis
585 1038 706 1077 MSS.
742 1037 999 1089 obsequutus
1019 1048 1122 1073 sum.
1154 1047 1317 1082 sensum
1339 1035 1553 1073 Kuehniue

126 1105 211 1130 non
240 1092 589 1132 vidit.hicautem
615 1102 702 1131 est.-
725 1095 762 1132 si
778 1106 838 1130 me
856 1092 998 1130 iubeat
1014 1089 1208 1138 familiae
1225 1099 1355 1140 pater.
1381 1098 1469 1128 tum
1491 1091 1553 1128 al·

128 1147 284 1198 terille,
297 1148 370 1201 qui
389 1148 730 1186 subsannathuic
754 1147 997 1200 voci,quam
1014 1145 1415 1200 aTragicoquodam
1435 1157 1554 1183 usur·

127 1212 265 1254 patam
291 1213 565 1256 proposuerat
581 1204 843 1254 Antiphanes
862 1202 942 1240 sibi
966 1200 1272 1247 traducendam,
1303 1198 1554 1252 respondet:

126 1258 191 1297 Ae
210 1273 302 1296 vero
321 1257 575 1312 σταθμοῦχος
587 1261 676 1310 quis
694 1260 765 1296 ille
785 1256 949 1296 tandem
969 1257 1057 1294 est?
1083 1257 1390 1307 strangulatum
1402 1268 1463 1293 me
1483 1254 1554 1292 de-

129 1314 238 1351 deris
264 1328 370 1352 nova
399 1316 594 1366 loquendi
616 1314 760 1365 forma
786 1326 938 1351 mecum
956 1312 1193 1362 colloquens.
1231 1310 1394 1349 scilicet
1415 1309 1460 1347 in
1484 1309 1551 1348 his

128 1366 224 1422 πρὸς
242 1385 290 1421 με
313 1384 406 1407 cum
427 1370 608 1407 Kuelznio
628 1369 899 1417 restituimus,
929 1366 1000 1404 ubi
1032 1367 1158 1418 vulgo
1181 1365 1267 1404 fuit
1286 1362 1386 1417 πρός
1406 1381 1463 1406 σε.
1498 1379 1551 1404 ex

129 1424 402 1477 sequentibus
423 1425 507 1463 illis
529 1438 593 1463 me
615 1438 699 1462 non
719 1423 817 1462 satis
843 1422 1017 1461 extrico.
1046 1420 1261 1459 restituam
1278 1429 1415 1459 tamen
1439 1419 1551 1458 hunc

130 1478 176 1516 in
196 1479 386 1521 modumz
419 1482 459 1521 εἰ
479 1478 617 1535 tarnim
647 1482 712 1517 vel
743 1477 882 1532 τετάχῃ
901 1478 969 1528 μοὶ
987 1477 1207 1529 στέγαρχος,
1235 1485 1332 1522 aut,
1361 1478 1400 1517 εἰ
1415 1471 1455 1517 δ’
1471 1475 1551 1517 ἐτέ-

128 1552 247 1576 τακτο
269 1537 339 1588 μοὶ
355 1536 579 1589 στέγαρχος,
613 1537 732 1588 quale
764 1533 979 1587 quippiam
1003 1530 1231 1570 ostendunt
1249 1531 1429 1585 vestigia
1457 1532 1553 1568 Pa-

129 1591 254 1627 latini
286 1590 479 1641 Codicis,
521 1601 568 1629 ut
602 1589 728 1628 huius
766 1589 891 1628 alium
918 1585 1175 1627 emendantis
1203 1586 1273 1625 ina
1302 1586 1388 1624 sint
1414 1586 1550 1625 verba.

133 1643 423 1697 [Antiphanis
452 1648 632 1685 extrema
664 1643 928 1697 perdifficilia
968 1650 1079 1681 sunt.
1129 1655 1257 1680 meam
1292 1639 1553 1680 emaculandi

131 1702 389 1740 voluntatem
425 1714 764 1754 unumquemque
795 1699 1055 1738 laudaturum
1086 1696 1295 1736 existimo.
1340 1697 1377 1735 si
1409 1709 1552 1748 parum

130 1755 312 1795 feliciter
334 1770 379 1795 ea
415 1771 476 1796 res
507 1756 609 1795 mihi
640 1755 911 1807 processerit,
942 1767 1027 1791 non
1048 1761 1128 1790 tam
1151 1761 1315 1805 egomet
1335 1750 1439 1790 mihi
1466 1753 1551 1789 cul-

130 1809 291 1860 pandus
328 1811 499 1860 videor,
529 1826 650 1865 quam
675 1810 841 1865 quidem
870 1805 1195 1848 considerandae
1219 1816 1317 1844 sunt
1332 1805 1417 1844 loci
1438 1814 1552 1844 tene-

131 1863 241 1904 brae.
280 1875 389 1906 certe
411 1881 515 1919 quae
538 1866 629 1905 dixi
650 1866 728 1904 iam
753 1879 865 1903 nunc
884 1879 906 1902 a
926 1877 988 1902 me
1010 1864 1103 1913 ipso
1128 1861 1428 1913 improbantur.
1457 1856 1552 1902 ta'o·

130 1935 216 1962 σειν
243 1920 353 1959 enim
383 1922 632 1974 simpliciter
655 1920 764 1974 apud
794 1921 972 1959 Graecos
991 1931 1084 1956 raro
1106 1915 1455 1969 significationem
1480 1914 1551 1953 ha-

131 1974 202 2013 bet
218 1975 468 2024 mandandi;
500 1976 571 2015 sed
595 1990 642 2016 ea
669 1976 845 2014 notione
868 1974 1011 2027 potius
1034 1980 1254 2024 usurpatur
1271 1969 1547 2023 προστάσσειν,

130 2029 367 2074 ἐπιτάσσειν.
409 2046 620 2085 speramus
652 2032 795 2086 itaque
832 2027 1136 2083 ingeniosiores
1159 2027 1398 2078 Antiphani
1433 2025 1552 2066 adfu-

133 2094 263 2128 turos.
323 2089 388 2126 Ex
415 2086 680 2140 Addendis]
1408 2082 1411 2086 ’

242 2141 288 2184 w¹
301 2140 556 2194 καινότατον]
603 2141 649 2180 C.
680 2141 728 2181 V.
755 2138 1000 2185 κοινότατον,
1029 2138 1413 2178 σονηνηῐληίθείηῑῑιηι.
1449 2138 1550 2178 οἶκο-

129 2197 325 2248 δεσπότην
346 2209 387 2238 et
409 2198 702 2240 οἰκοδέσποιναν
731 2197 905 2247 Interpr.
946 2193 1188 2233 retinuisset
1217 2193 1361 2231 vellem
1389 2191 1434 2229 in
1453 2205 1551 2231 ver-

133 2252 264 2294 sione.
323 2254 497 2295 Kmmx.
517 2261 523 2266 ⁴

239 2308 287 2351 to*
302 2308 561 2360 καινότατον]
603 2308 685 2346 Pro
707 2302 933 2348 καινότατον
958 2301 1050 2344 MS.
1081 2297 1321 2345 κοινότατον.
1353 2299 1464 2356 quod
1483 2315 1550 2340 re-

133 2363 242 2402 ctius
263 2365 449 2411 videtur,
482 2374 521 2403 et
541 2363 668 2416 magis
690 2376 779 2399 cum
802 2358 993 2412 sequenti
1011 2357 1137 2397 verbo
1161 2355 1400 2407 continere,
1435 2355 1549 2410 quod

133 2418 179 2455 in
198 2420 291 2460 MS.
322 2423 613 2473 τεθρυλημένον
640 2416 766 2454 unico
795 2421 815 2456 λ
839 2413 1049 2452 scribitur.
1106 2413 1234 2450 Iunc.

240 2473 493 2527 καινότατον]
524 2474 736 2512 Kuehntus
754 2471 797 2509 in
822 2479 938 2508 textu
963 2467 1078 2506 dedit
1094 2462 1327 2514 κοινότατον,
1357 2464 1468 2518 quod
1486 2479 1549 2504 se·

132 2530 255 2583 qunti
277 2544 431 2572 sumus.
463 2541 504 2570 et
532 2543 626 2570 vere
652 2525 936 2581 vulgatissima
962 2524 1136 2562 fuerunt
1163 2522 1249 2562 ina.
1287 2521 1454 2575 saepius
1478 2534 1550 2561 ae-
