1690 2996
130 54 235 93 1630
730 51 781 93 X.
843 56 930 94 106.

343 162 509 215 τρυβλιά
539 163 603 209 δὲ,
634 163 700 202 καῖ
726 159 940 213 βαιάνεια,
970 163 1035 205 καὶ
1065 160 1278 214 κακκάβια,

345 220 411 260 καὶ
439 216 622 268 λοπάδια,
651 221 719 260 καὶ
749 217 956 268 nardum,
985 217 1148 270 πυκινιὶ,
1179 215 1348 272 ταρφέα-

132 295 236 345 Sed,
265 295 379 351 quod
406 310 498 335 cum
526 297 712 350 ipsorum
743 297 865 335 venia
887 294 1040 334 dictum
1074 297 1151 347 sit,
1184 310 1267 334 non
1291 295 1444 333 Pollux
1466 293 1563 333 ideo

132 349 297 404 attulit,
327 351 401 391 sed
433 365 521 391 eam
552 351 604 391 ob
622 365 782 390 causam
813 350 926 406 quod
948 351 1190 392 viderentur
1209 347 1407 404 κακκάβια
1428 358 1469 389 et
1495 354 1566 392 λο-

130 406 253 450 πάδια
276 422 361 447 non
387 407 529 447 eadem
561 421 673 456 esse5
702 407 863 446 dixerat
880 406 988 446 enim
1004 439 1015 457 ,
1049 421 1124 445 nos
1147 407 1427 459 adpellaturos
1450 405 1564 458 pati-

132 479 225 503 nam
260 466 327 503 vel
360 459 534 514 λοπάδα,
564 461 793 515 κακκάβην,
825 476 952 516 quum
973 463 1276 513 Aristophanes
1300 462 1356 499 ita
1377 469 1565 529 usuwet.

133 519 229 570 Sed,
259 519 457 569 subiicit,
487 519 532 557 in
563 519 715 557 Eubuli
742 519 848 557 Ione
869 517 1028 556 dictum
1055 518 1253 565 habetur,
1281 518 1348 558 καὶ
1367 516 1566 569 κακκαβια

132 578 199 618 καῖ
218 572 411 618 λοπάδια·
446 578 594 628 quasi,
625 575 704 619 ait,
739 575 813 612 hoc
841 575 896 612 sit
930 575 1019 612 alla
1040 573 1186 625 forma
1208 587 1302 622 vas,
1331 571 1444 627 quod
1466 575 1566 613 κακὲ

132 630 263 684 χᾰβην
294 630 500 682 diximus,
541 645 664 683 quam
685 628 833 678 λοπάς,
866 632 988 682 quasi
1021 629 1190 681 dffffrat
1209 642 1237 665 a
1263 627 1415 669 λοπάδι.
1446 627 1567 668 Scri-

135 687 314 726 bendum
337 695 475 725 autem
504 686 692 726 videtur:
724 684 779 734 αἶς
800 686 934 738 ἕτερον
953 684 1019 735 ὅν,
1049 681 1160 737 παρά
1174 681 1246 732 τήν
1265 678 1440 732 λοπάδα,
1470 687 1569 726 τοῧὸ

132 761 176 786 το
199 744 251 796 τῷ
274 740 472 796 σχήματι·
503 742 558 791 οἷς
580 753 690 781 certe
721 740 895 780 omnino
920 753 1122 791 reponere
1142 737 1287 789 debes,
1316 749 1364 777 ut
1385 748 1427 778 et
1446 738 1568 792 prio-

133 814 196 839 res
225 797 434 839 editiones
455 797 643 837 Pollucis
662 796 838 843 habent,
868 795 987 834 litera
1008 812 1028 843 ς
1051 793 1238 848 quamvis
1260 797 1382 846 plane
1402 794 1569 833 extrita.

133 856 229 894 Hoc
258 863 396 892 tamen
427 850 579 900 uiiror,
610 866 739 905 quum
766 851 1006 891 Athenaeus
1033 848 1223 904 βατάνεια
1255 848 1407 889 habeat
1433 849 1567 902 primo

134 925 256 951 versu
287 909 463 959 Eubuli,
501 908 575 947 ubi
610 910 763 947 Pollux
793 904 976 956 πατάνια,
1013 905 1127 960 quod
1160 903 1357 947 πατάνιια
1383 903 1569 946 secundo

135 981 257 1006 versu
279 965 540 1011 Athenaeum
572 965 729 1003 Pollux
745 977 844 1004 vero
865 962 937 1001 hic
960 962 1140 1007 omittit,
1171 970 1220 1000 ut
1243 959 1354 999 nihil
1375 959 1426 999 ad
1447 972 1569 998 suum

135 1021 398 1075 propositum
432 1020 484 1061 de
513 1020 756 1060 discrimine
787 1020 1016 1072 κακκαβίων
1048 1019 1116 1060 καὶ
1149 1018 1349 1058 λοπαδίων
1386 1015 1569 1055 faciens:

138 1079 338 1116 Nostram
357 1077 467 1115 enim
491 1079 615 1130 plane
635 1072 770 1115 videri
794 1074 839 1113 id
864 1088 949 1113 non
982 1072 1257 1127 adgnovisse‚
1286 1068 1480 1126 βατάνεια
1500 1071 1567 1109 in-

135 1147 270 1187 quam.
312 1146 411 1171 mox
441 1133 575 1182 enim,
610 1130 684 1170 ubi
719 1130 769 1169 de
797 1128 951 1185 πατάνῃ
974 1140 1015 1168 et
1034 1130 1213 1183 πατανίῳ
1242 1127 1398 1181 incipit
1418 1125 1573 1177 dicere,

133 1187 309 1231 πατάνια
340 1188 498 1240 pariter
527 1203 578 1227 ex
609 1187 693 1226 alio
715 1186 873 1225 Eubuli
892 1189 988 1224 loco
1008 1183 1156 1224 adfert.
1215 1183 1294 1225 Sed
1317 1196 1441 1239 segm.
1481 1179 1575 1222 108.-

133 1246 323 1298 βατανίυυ
345 1244 464 1282 iuxta
497 1245 590 1283 MS.
622 1252 812 1281 nostrum
842 1240 1100 1288 memineris,
1133 1249 1182 1278 ut
1204 1238 1409 1281 ἰδιωτικοῦ
1426 1246 1467 1276 et
1489 1251 1574 1290 po-

134 1300 350 1340 litioribus
377 1314 463 1338 non
497 1299 644 1336 usitati
671 1297 890 1347 vocabuli,
921 1295 964 1333 id
987 1295 1159 1347 reperiri
1189 1294 1251 1333 ait
1270 1294 1314 1332 in
1331 1293 1574 1346 Hipparchi

137 1356 334 1405 dramate,
363 1369 490 1407 quum
512 1364 649 1392 tamen
675 1352 718 1391 id
738 1353 782 1391 iu
799 1350 959 1391 Eubuli
978 1353 1073 1388 loco
1095 1349 1207 1403 apud
1225 1350 1482 1388 Athenaeum
1503 1348 1574 1397 sit,

136 1426 255 1467 quem
280 1420 322 1450 et
342 1411 491 1452 Nooter
512 1409 679 1456 attulit,
711 1408 767 1446 sit
794 1417 835 1447 et
855 1409 899 1446 in
921 1406 1179 1456 Antiphanis
1202 1415 1243 1446 et
1262 1404 1456 1445 Alexidis
1479 1403 1575 1442 dra-

135 1479 291 1506 matum
310 1466 418 1504 locis
442 1464 537 1504 ideo
568 1465 617 1502 ab
636 1464 848 1503 Athenaeo
872 1462 1132 1502 adnotatum.
1167 1462 1213 1499 in
1234 1475 1411 1514 quorum
1437 1467 1575 1499 tamen

136 1534 287 1561 neutro
307 1523 455 1560 Nostri
474 1519 653 1560 Codices
673 1519 717 1557 id
736 1526 986 1573 agnoscunt,
1026 1525 1073 1554 ut
1092 1516 1269 1570 singulis
1288 1515 1394 1555 locis
1415 1515 1575 1553 indica-

139 1579 286 1616 bimus.
345 1578 464 1616 Haec
495 1576 692 1613 nimirum
727 1575 809 1613 viri
841 1573 956 1613 docti
986 1572 1215 1612 excutiant.
1262 1586 1356 1610 nam
1387 1579 1574 1610 nostrum

139 1635 210 1672 hic
232 1633 342 1671 nihil
362 1642 544 1671 statuere
566 1631 724 1684 absque
744 1630 912 1669 illorum
934 1626 1210 1681 praeiudicio.
1255 1629 1379 1667 Iunc.

248 1699 283 1755 q?
302 1698 431 1755 ἕτερόν
459 1717 499 1742 τι
531 1698 606 1751 ὅν]
650 1696 934 1751 Reposuimus
962 1695 1004 1733 in
1032 1703 1151 1733 textu
1169 1689 1223 1742 αἶς
1239 1697 1371 1746 ἕτερον
1392 1692 1449 1734 ὅν.
1480 1691 1576 1746 qui-

139 1758 214 1796 bus
238 1771 383 1796 sensus
409 1756 521 1796 inest
550 1754 719 1808 probus.
777 1753 828 1791 In
852 1751 1007 1790 Eubuli
1028 1753 1124 1789 loco
1143 1749 1231 1789 fuit
1249 1752 1376 1804 vulgo
1402 1749 1576 1802 Τρυβλιά

140 1817 208 1856 καῖ
234 1810 422 1855 πατάνια.

250 1891 402 1942 εἴποις]
452 1889 543 1929 MS.
581 1888 741 1928 omittit
768 1889 915 1935 εἴποις·
946 1893 987 1925 et
1017 1891 1148 1932 recte,
1189 1881 1236 1920 ni
1265 1882 1402 1920 fallor.
1460 1879 1574 1919 Satis

137 1947 249 1988 enim
280 1955 340 1986 est
365 1947 575 1994 κέκληκεν,
617 1941 729 1997 quod
766 1956 864 1981 mox
896 1940 1099 1994 sequitur.
1138 1936 1253 1992 quod
1285 1950 1371 1991 quo
1403 1950 1445 1975 se
1473 1937 1575 1974 alias

139 2002 322 2043 referat?
355 2001 619 2052 Antiphanes
640 1998 838 2036 nimirum
861 1994 1062 2048 κάκκαβον
1079 1992 1316 2032 nominavit
1337 1991 1408 2039 τήν
1430 1990 1576 2033 nanno}-

138 2066 239 2113 βην,
269 2059 388 2097 iuxta
411 2059 618 2111 vulgarem
642 2051 1004 2092 consuetudinem.
1064 2049 1132 2089 Sic
1158 2048 1444 2101 Phrynichus:
1475 2044 1575 2089 κάκ-

139 2121 262 2168 καβον
293 2111 359 2155 διά
383 2113 451 2156 τοῦ
475 2130 500 2163 η
520 2109 724 2159 κακκάβην
747 2108 854 2161 λέγε·
881 2106 927 2149 τό
948 2104 1024 2160 γάρ
1046 2101 1115 2146 διοῖ
1146 2109 1219 2145 τοῦ
1241 2120 1263 2146 ο
1292 2100 1475 2156 ἅμαθές·
1507 2103 1576 2145 καὶ

139 2171 216 2225 γάρ
233 2166 530 2222 Ἀριστοφάνης
549 2169 591 2209 ἐν
611 2160 802 2216 Δαιδάλῳ
824 2163 969 2216 χρῆιαι
988 2157 1055 2202 διά
1072 2160 1142 2202 τοῦ
1161 2177 1200 2209 η.
1219 2158 1294 2198 ubi
1320 2159 1576 2199 Nunneoium

141 2227 252 2275 vide,
292 2223 367 2263 ubi
391 2233 510 2264 notat
531 2221 730 2261 mendumv
753 2221 966 2271 vuigatum
999 2215 1092 2262 hic,
1123 2226 1249 2267 quum
1269 2213 1394 2252 modo
1417 2211 1578 2255 κακκά-

139 2287 226 2333 βιον
245 2291 366 2320 antea
383 2280 589 2320 ederetur.
628 2275 699 2316 sed
721 2275 801 2313 iam
828 2274 932 2312 bene
955 2269 1155 2322 κάκκαβον
1178 2267 1312 2308 edidit
1332 2279 1473 2308 noster
1499 2270 1578 2306 Se·-

141 2338 279 2386 l=erus‚
312 2346 358 2374 ut
378 2346 419 2375 et
442 2336 485 2373 in
512 2334 604 2376 MS.
636 2340 765 2371 extat.
808 2328 956 2367 Malim
976 2340 1074 2365 vero
1092 2327 1134 2367 ἐν
1154 2325 1424 2368 Δαιταλεῦσιν
1440 2327 1578 2377 legere

143 2408 234 2431 cum
267 2393 478 2430 Athenaeo
508 2388 617 2443 apud
651 2385 948 2436 Phrynichum,
981 2381 1168 2436 quamvis
1189 2382 1429 2419 Nunnesim
1451 2379 1502 2417 de
1531 2393 1578 2418 ea

145 2462 185 2486 re
216 2447 392 2487 dubitet.
451 2447 519 2484 Ex
549 2446 635 2484 iuis
667 2442 805 2482 adfert
834 2439 1072 2479 Athenaeus
1105 2436 1227 2476 haec}
1256 2434 1390 2491 κᾶγειν
1422 2438 1580 2478 ἐκεῖθεν

142 2500 363 2554 κακκάβην.
425 2503 549 2542 Iunc.
