1716 3016
45 2181 49 2187 ,
22 1961 49 2170 ‘as-:nup-f-,i
23 1814 50 1947 qut-v<

706 121 782 161 IX.
840 122 907 165 25.
1452 117 1533 160 897

219 231 362 286 duolmc
390 234 433 277 δὲ
461 230 634 288 μικρᾰν]
665 231 712 271 C.
740 231 788 272 Δ.
818 229 964 284 μικροῖν
993 231 1035 272 δὲ
1062 228 1235 272 ἐπαινῶν
1262 229 1365 280 ἐρεῖς
1389 225 1531 279 donni?-

115 305 191 332 σαν
222 299 301 331 etc.
337 285 425 344 οὐχ’
464 289 679 342 ὑπέρογκον
723 286 920 330 εύὸἰαιτον
960 295 1036 325 etc.
1078 285 1362 337 praemittitur
1395 291 1533 322 autem

114 343 187 389 hic
222 344 394 386 titulusz
436 343 597 394 ἔπαινος
636 344 782 398 μικρᾶς
821 341 995 390 πόλεως·
1049 341 1166 380 abest
1201 348 1337 379 autem
1380 341 1449 380 zati
1485 333 1536 380 τιῖ

113 399 244 454 ὅμοια.
299 400 475 442 Kurra.

223 458 262 500 εἰ
280 457 324 498 δὲ
338 454 504 510 ψέγοις]
534 454 585 496 C.
605 455 654 495 A.
681 453 816 509 ψέγων
843 451 986 507 μικροὶν
1009 448 1127 493 ’πόλιν
1153 452 1254 502 ἐρεῖς
1278 447 1535 517 στενῆνςβρα·

115 512 228 568 χεῗαν
253 510 506 564 πολισμάτιον
542 513 728 565 πολίχνην
754 522 795 552 π’.
827 527 864 551 κ.
903 512 972 551 καῖ
997 505 1136 570 πολλοὶ
1156 507 1267 548 ἄλλα.
1309 510 1378 549 καὶ
1403 524 1424 549 o
1458 509 1534 559 μὲν

109 565 285 621 με’γᾶλης
315 569 464 616 πόλεως
486 584 528 608 n.
562 569 881 617 μεγαλοπολίιης,
907 565 931 607 o‘
949 566 990 606 δὲ
1010 579 1156 614 μικρας
1173 581 1215 615 μ.
1241 561 1265 603 o'
1282 564 1324 604 δὲ
1341 563 1431 609 νέας
1448 578 1534 604 νεα·

51 633 54 635 ’
115 625 293 674 πολίτης,
317 623 490 670 viauae·
520 621 620 661 haec
649 631 794 661 extant
815 622 859 660 iu
886 619 969 660 fine
993 618 1146 670 capitis
1165 618 1210 656 iu
1231 617 1278 658 C.
1298 618 1348 659 A.
1371 617 1535 658 omissis

118 677 360 722 interiectis.
419 677 597 730 Thuqyd.
626 677 721 716 libr.
750 692 822 718 ιιι.
862 689 996 715 novos
1030 677 1204 713 colonos
1230 673 1345 712 urbis
1371 684 1537 713 restau-

117 742 233 777 ratae
250 744 376 774 vocat
392 731 730 781 νεοκαταστάτους.
787 732 959 772 Eum.

226 791 512 845 ταλαίπωροι]
545 789 692 828 Potius
717 798 812 841 post
845 788 1118 838 ταλαίπωρον,
1149 793 1350 838 punctum
1370 798 1536 837 ponam,

120 843 233 899 quod
250 846 469 899 sequentia
489 858 587 884 casu
611 854 724 884 recto
741 842 960 882 addantur.
1018 843 1149 883 Iuno.

228 895 363 954 κόμη,
393 903 460 943 καὶ
486 919 530 942 π.
557 899 598 941 ὅ.
627 903 650 923 *
673 898 752 942 *Au
770 899 880 951 eta]
922 898 1063 937 Locus
1093 897 1136 935 iu
1165 895 1348 950 vulgatis
1372 909 1537 950 quoque

123 968 148 994 a
185 955 461 996 distinetione
493 969 582 994 non
619 957 757 995 valet:
803 964 847 995 tu
881 967 1037 992 mecum
1073 953 1132 993 ita
1168 951 1421 991 reconcinna
1454 951 1537 993 sis:

121 1007 245 1062 καῖιιη.
301 1015 387 1055 Καὶ
405 1008 530 1053 πολλοὶ
550 1010 647 1051 ἄλλα
664 1009 715 1050 «fv
738 1006 814 1063 μὲν
834 1008 961 1059 εὕροις
982 1018 1058 1050 etc.
1115 1008 1246 1049 Iuno.

231 1065 367 1121 κώμη.
413 1069 482 1108 καὶ
510 1064 634 1108 πολλαὶ
660 1065 772 1107 ἄλλα.
804 1065 827 1090 *
850 1063 930 1107 *Au
958 1066 1031 1116 μὲν
1064 1062 1171 1116 ete.]
1221 1063 1288 1102 Ita
1319 1062 1406 1101 fuit
1442 1073 1540 1102 ante

124 1135 202 1162 nos
234 1126 387 1178 vulgo,
416 1122 487 1161 sed
513 1122 667 1174 inepte.
709 1119 866 1174 optime
894 1119 1090 1158 distinxit
1114 1121 1277 1166 locum,
1307 1131 1354 1156 ac
1382 1132 1404 1156 a
1426 1119 1539 1157 vitio

124 1176 321 1218 liberavit
345 1179 668 1230 lang-ermannus
695 1184 860 1222 noster,
904 1188 1022 1227 quem
1063 1174 1106 1211 in
1132 1172 1392 1212 emendando
1421 1183 1541 1213 textu

122 1233 291 1286 sequuti
313 1246 450 1272 sumus
470 1231 653 1272 omnino.
685 1229 829 1269 suadet
848 1230 996 1280 utique
1020 1229 1151 1282 ipsius
1174 1229 1354 1269 Graecae
1370 1230 1540 1282 linguae

124 1287 293 1341 genius3
336 1287 430 1342 quis
458 1286 569 1325 enim
599 1299 826 1325 sermonem
855 1285 1033 1336 incipiat
1072 1285 1150 1322 ita:
1188 1283 1236 1324 ἄν
1267 1284 1339 1334 μὲν
1373 1284 1539 1336 εὕροιςὶἳ

122 1351 167 1382 et
193 1352 328 1384 tamen
359 1341 407 1382 C.
437 1344 487 1381 A.
517 1342 595 1380 ista
623 1342 690 1384 καὶ
716 1339 843 1383 πολλαὶ
870 1340 971 1381 ἅλλα
999 1338 1341 1392 praecedentibus
1374 1353 1543 1393 quoque

125 1397 354 1448 subiicere,
398 1411 484 1437 uon
522 1395 790 1452 sequentibus
823 1395 1043 1435 adnectere
1077 1395 1236 1448 liquet3
1278 1409 1414 1448 neque
1444 1409 1542 1435 vero

121 1466 172 1548 ga
203 1452 253 1494 de
287 1467 408 1492 causa
439 1452 579 1492 minus
625 1465 860 1492 censeamus
899 1461 1048 1491 certam
1079 1452 1376 1502 langermanni
1401 1465 1543 1491 emen-

152 1508 350 1550 ationem.

235 1614 508 1672 εὖξενᾶπολιν]
558 1617 665 1672 Quis
694 1618 776 1657 hoc
803 1631 997 1671 umquam
1026 1616 1169 1656 dixit?
1210 1631 1263 1656 ne
1295 1615 1464 1670 quidem
1498 1617 1543 1656 in

127 1674 343 1716 comoedia
372 1675 455 1714 hoc
481 1675 622 1714 fictum
647 1688 753 1714 reor.
810 1674 909 1714 Non
942 1673 1088 1712 dubito
1116 1672 1351 1712 emendare:
1389 1675 1546 1723 εὕξενον

127 1726 269 1774 πόλιν·
297 1730 519 1785 perspicue
554 1730 662 1769 enim
685 1730 835 1769 Pollux
865 1738 910 1767 ut
937 1731 986 1784 τῇ
1004 1725 1277 1782 φιλανθρώπῳ
1315 1727 1385 1777 τήν
1412 1728 1548 1771 αήἀν-

127 1793 294 1842 θρωπον
324 1800 444 1826 versu
482 1785 693 1839 sequenti,
739 1784 798 1824 ita
827 1786 875 1840 τῇ
903 1783 1039 1837 aigina»
1085 1783 1154 1834 τήν
1181 1785 1319 1834 ἄξενον
1354 1785 1548 1839 opponit.

129 1843 187 1883 Et
211 1843 364 1882 Noster
393 1842 482 1894 ipse
522 1840 655 1879 firmat
690 1854 794 1893 quae
831 1840 946 1887 dixi;
997 1841 1057 1879 ait
1085 1841 1221 1890 enim,
1257 1841 1357 1880 licet
1384 1855 1469 1879 non
1498 1840 1549 1880 de

129 1897 304 1937 urbibus
331 1897 430 1936 talia
461 1896 563 1935 haec
599 1910 723 1948 supra
753 1895 1020 1949 exposuerit,
1067 1906 1204 1935 tamen
1231 1895 1282 1935 de
1308 1897 1550 1936 hominibus

131 1953 397 2007 exposuisse:
439 1951 551 1990 unde
580 1952 630 1990 ad
659 1951 778 1990 urbes
811 1952 1026 1990 transferri
1066 1954 1204 1990 liceat.
1262 1952 1323 1992 sic
1353 1967 1474 2006 supra
1500 1952 1552 1990 de

130 2008 255 2049 laude
273 2007 442 2055 domini,
456 2007 644 2046 convivii
670 2006 795 2046 habes
820 2006 928 2047 idem
962 2008 1097 2061 ipsum
1127 2008 1284 2058 εὕξινος
1303 2023 1376 2060 vx,
1408 2023 1473 2062 27.
1513 2017 1554 2046 et

92 2097 97 2105 .
129 2063 283 2103 ibidem
301 2061 504 2111 εὖδίαιτος.
559 2063 687 2103 que.

239 2116 513 2170 εὕξενόηολιν]
574 2117 789 2157 ΚαεΙιηίιιε
824 2118 896 2158 hic
930 2118 1056 2158 modo
1095 2132 1170 2172 pro
1205 2117 1277 2168 τήν
1311 2130 1551 2172 reposuerat

130 2173 226 2225 τὼ,
263 2185 306 2214 et
335 2188 434 2214 mox
467 2188 631 2227 quoque
657 2173 724 2216 τόν
752 2173 927 2226 α’πάνθρ.
959 2185 1108 2226 putans
1141 2175 1335 2213 nimirum
1373 2174 1473 2214 haec
1505 2175 1555 2215 de

132 2229 305 2271 homine
328 2229 412 2268 dici
431 2243 453 2268 a
473 2231 664 2275 Polluce,
692 2237 802 2282 *quae
828 2230 1001 2268 urbibus
1020 2230 1182 2282 possint
1211 2231 1438 2282 applicari,
1468 2246 1554 2271 non

134 2301 233 2327 vero
255 2285 304 2324 de
327 2285 428 2338 ipsis
457 2284 639 2325 urbibus,
673 2299 752 2337 qua
776 2285 940 2337 quidem
972 2285 1014 2323 iu
1045 2300 1088 2324 re
1108 2300 1200 2325 eum
1222 2287 1257 2324 si
1281 2286 1373 2324 fani
1394 2285 1554 2337 dixero,

134 2340 245 2381 haud
266 2340 418 2394 absque
440 2353 561 2378 causa
583 2340 734 2379 fuerit:
762 2355 897 2392 neque
918 2341 1134 2381 dissentiet
1154 2355 1175 2379 a
1198 2341 1335 2389 nobis,
1360 2342 1432 2395 qui
1465 2342 1559 2382 dili-

137 2396 302 2451 gentins
334 2394 566 2448 inspexerit
595 2398 749 2434 locum.
814 2399 919 2435 Tum
947 2406 1158 2449 praeterea
1188 2398 1343 2447 εὔξενον
1373 2398 1562 2437 restituit

141 2452 272 2492 deleta
305 2464 406 2490 voce
437 2449 574 2492 πόλιν·
606 2460 647 2490 et
680 2451 724 2489 in
753 2451 832 2490 hac
853 2466 1021 2504 quoque
1054 2466 1096 2490 re
1116 2450 1461 2504 Iungermannum
1485 2468 1562 2506 po-

139 2506 224 2545 tius
242 2520 403 2559 sequar,
425 2520 547 2557 quam
567 2506 798 2545 Kuelznium
818 2517 1017 2548 nostrum.
1052 2507 1178 2547 habes
1197 2509 1340 2562 itaque
1367 2509 1412 2547 in
1443 2518 1562 2549 textu

141 2571 266 2614 prout
285 2562 356 2602 ine
369 2562 487 2616 legit,
518 2562 669 2612 εὕξενον
689 2560 812 2605 πόλιν.
