1690 2996
179 55 286 98 1584
797 57 849 96 X.
908 63 975 102 93.

179 165 335 204 mentio
364 174 406 205 et
438 165 548 219 apud
578 167 793 208 Scholiast.
820 169 1033 221 Aristoph,
1065 170 1106 209 in
1135 171 1249 212 Plut.
1279 170 1353 209 ubi
1385 169 1436 211 de
1459 173 1607 211 Philo-

179 221 272 258 nide
292 224 422 260 stulto
445 222 669 262 adducitur
692 220 919 280 Νικοχάρης
939 228 1150 281 Γαλατείᾳ,
1179 226 1250 264 ubi
1279 226 1382 265 libet
1402 229 1605 281 optimum

178 277 446 316 Scholiastem
471 278 702 333 emendare,
730 295 857 334 quum
877 280 919 319 id
944 282 1078 321 facere
1105 283 1370 336 neglexerint
1397 283 1468 337 qui
1505 285 1607 323 alias

179 346 252 370 sua
272 333 443 372 Scholia
466 334 680 375 miscuere.
721 333 980 376 Philonidem
1003 352 1151 392 nempe
1173 337 1408 377 traductum
1429 339 1483 378 ob
1505 342 1607 378 stul-

180 387 318 426 titiam
348 398 390 428 et
416 399 614 429 staturam
643 405 850 432 enormem
870 407 891 431 a
920 393 1094 432 comicis
1113 403 1271 433 narratt
1303 403 1344 432 et
1365 393 1475 432 inter
1499 396 1606 434 alia:

179 446 272 497 περῖ
291 445 332 485 δὲ
353 445 422 486 τοῦ
434 447 652 499 μεγέθους,
681 445 845 502 φύλλιός
861 461 1000 501 φησιν·
1031 450 1116 498 ἥτις
1136 447 1307 502 κάμηλος
1329 447 1431 492 ἔτεκε
1450 448 1609 492 virdu-

180 500 363 549 λωνίδην.
402 499 575 542 Scribe:
604 502 818 553 Φιλύλλιός
839 519 972 557 φησιν,
1020 505 1174 548 Comici
1193 518 1343 545 nomen
1370 515 1413 545 et
1437 505 1482 544 in
1506 507 1608 544 Pol-

180 556 269 593 luce
293 566 536 610 corruptum
556 560 745 613 saepius,
775 569 822 599 ut
842 559 999 599 dictum
1022 561 1268 614 aliquoties:

394 619 483 675 ἥτις
508 623 680 679 κάμηλος
705 628 810 670 ἔτεκε
837 622 906 670 τᾶν
933 619 1171 679 Φιλωνίδην.

181 700 264 742 Sed
293 701 516 758 Νικόχαρις
538 706 581 747 ἐν
609 707 809 758 Γαλατείᾳ
830 705 939 759 apud
960 705 1134 746 eundem
1161 700 1433 744 Scholiastem
1454 703 1610 745 ibidem

180 760 306 810 paulo
327 759 503 799 inferius
524 759 674 800 iterum
692 761 888 800 laudatur
907 761 952 800 in
974 776 1018 802 re
1037 760 1191 801 eadem.
1232 761 1289 799 Et
1307 759 1461 801 ibidem
1483 764 1609 814 paulo

181 822 278 857 ante
297 814 442 867 parilis
469 814 654 855 nominis
684 814 881 859 Γαλάτεια
903 816 953 855 ab
972 830 1022 856 eo
1046 817 1223 856 refertur
1242 816 1349 856 alius
1369 825 1412 856 et
1440 814 1609 871 quidem

181 869 376 924 Tragici,
408 870 624 910 Philoxeni
646 873 790 914 Siculi.
847 873 975 912 Iuno.

292 939 420 985 εἴποις
438 935 482 979 δ’
503 936 555 978 οἶν
572 941 640 981 καὶ
661 937 738 990 τήν
755 939 964 993 {cleopan-J
1007 934 1343 993 ἤδυσματοθῆκην
1375 946 1613 991 opportune

181 992 302 1032 MSS.
332 1002 375 1032 et
395 989 652 1046 κυμινοδόκον
684 1009 762 1049 pro
794 989 1082 1050 κυμινοθῆκην,
1112 991 1225 1049 quod
1249 993 1340 1046 ipsa
1361 993 1613 1040 Nicocharis

180 1048 324 1102 χρῆσις
345 1048 574 1100 confirmat,
589 1052 591 1054 ’
605 1051 677 1090 ubi
699 1051 952 1106 κυμινοδόκον
973 1049 1144 1104 scripsi,
1169 1049 1356 1104 quamvis
1375 1049 1504 1088 ferme
1526 1063 1612 1088 non

182 1104 351 1143 intersit
375 1104 633 1157 κυμινοδόκον
651 1121 703 1146 an
726 1105 984 1162 κυμινοδόχον
1004 1107 1150 1160 ponas.
1206 1103 1290 1146 Sed
1315 1104 1408 1158 quis
1437 1105 1509 1144 ille
1529 1106 1612 1144 Ni..

181 1160 423 1199 eochar-mus
446 1162 490 1199 iu
513 1160 720 1217 vulgatis:
753 1162 1015 1218 Νικοχᾶρμου
1032 1158 1225 1209 εἰπόντος.
1256 1160 1414 1212 Optimo
1429 1159 1616 1214 Νικοχά-

181 1231 279 1267 ρους
296 1217 421 1256 MSS.
452 1227 494 1257 et
517 1218 579 1257 sic
612 1221 896 1272 reposuimus:
928 1219 1091 1269 viderat
1110 1227 1153 1257 et
1171 1219 1380 1256 meursius
1400 1215 1445 1254 in
1467 1218 1615 1255 Attica

181 1272 444 1312 Bibliotheca
473 1272 724 1328 Νικοχᾶρους
758 1274 1076 1322 emendandum,
1106 1286 1242 1325 neque
1270 1270 1505 1309 doctissimi
1532 1272 1614 1313 viri

184 1327 448 1381 diligentiam
488 1329 559 1368 illa
588 1331 850 1369 Scholiastae
876 1329 1172 1380 Aristophanis
1192 1330 1307 1377 loca,
1338 1325 1491 1379 quibus
1515 1341 1614 1366 usus

184 1393 246 1423 est
275 1385 608 1436 lang-ermannus
635 1396 805 1432 noster,
850 1385 1101 1439 effugerunt.
1144 1379 1482 1425 λεπιοῖκαὸίσκια
1518 1391 1616 1421 sunt

180 1438 326 1493 μικροὶ,
348 1455 500 1493 parva,
533 1441 598 1479 uti
624 1441 730 1481 bene
759 1444 976 1493 Interpres.
1018 1441 1267 1478 Anacreon:
1295 1434 1519 1491 Ἠρίστησα
1545 1439 1615 1489 μὲν

182 1498 311 1547 ἰτρίου
343 1495 491 1539 lenton
515 1495 703 1544 οἷπόκλας.
764 1497 846 1538 Sed
878 1511 955 1550 ego
989 1509 1074 1533 non
1104 1507 1276 1547 possum
1295 1507 1381 1532 non
1400 1493 1470 1531 bic
1490 1494 1615 1547 profi·

183 1551 261 1591 teri
294 1553 408 1606 quod
444 1551 555 1591 haud
586 1552 786 1592 mediocri
820 1553 976 1606 gaudio
1009 1548 1188 1601 afficiar,
1217 1563 1308 1588 cum
1343 1549 1617 1601 langerman-

185 1620 281 1646 num
302 1609 427 1648 video
456 1607 625 1656 Φύλλιος
645 1608 689 1646 in
711 1609 1008 1659 Aristophanis
1029 1606 1262 1644 Scholiaste
1281 1614 1520 1656 corruptum
1544 1619 1617 1643 no-

186 1677 276 1702 men
294 1673 451 1704 mutare
472 1665 516 1702 in
540 1661 763 1712 Φιλύλλοις.
784 1663 891 1703 idem
920 1662 1029 1702 enim
1049 1671 1090 1700 et
1111 1660 1215 1699 mihi
1240 1669 1411 1698 venerat
1432 1659 1474 1697 in
1499 1674 1613 1700 men-

185 1728 267 1758 tem
288 1719 337 1758 ad
357 1720 454 1760 libr.
485 1721 582 1766 VII,
623 1732 709 1773 192.
767 1720 819 1758 In
844 1717 1113 1773 sequentibus
1134 1717 1363 1768 paullulum
1383 1715 1432 1753 ad
1453 1729 1617 1757 sensum

185 1773 502 1815 distinctionem
537 1775 721 1827 mutavi,
751 1789 855 1828 quae
887 1776 992 1812 male
1021 1775 1148 1826 vulgo
1174 1770 1312 1824 posita
1331 1769 1514 1810 Pollucis
1532 1785 1619 1811 ver—

187 1830 237 1869 ba
259 1845 353 1870 oum
374 1834 470 1870 loco
492 1832 744 1870 Nicoclzaris
763 1829 1062 1869 confundebat.

297 1910 339 1950 ἐν
357 1911 566 1963 Γαλαιεῖᾳ,
597 1911 753 1962 Σοφαῖς
771 1928 815 1950 π.
847 1908 953 1960 etc.]
982 1908 1086 1946 Duo
1109 1913 1206 1943 sunt
1229 1901 1407 1943 senarii.-

400 1978 545 2028 σοφαῖς
574 1973 777 2028 παλάμαις
807 1976 983 2021 τέκτονος
1012 1970 1271 2025 εἰργασμένον
1301 1974 1305 1977 ’

399 2026 529 2074 πολλοῖ
556 2033 599 2073 ἐν
628 2030 740 2085 αὐτῷ’
768 2029 892 2074 λεπτοὶ
917 2030 1007 2085 ἔχον
1035 2031 1244 2070 καὸδίσκια

401 2085 674 2140 κυμινοδόκον.
701 2109 757 2117 --

404 2156 535 2193 Scitis
568 2154 824 2193 elaboratum
853 2152 1048 2190 manibus
1066 2149 1193 2204 fabri

382 2211 556 2256 ‘multos
584 2211 753 2260 exiguos
783 2207 910 2245 cados
940 2210 986 2244 in
1013 2220 1055 2244 se
1085 2206 1311 2253 continens,

406 2268 558 2318 cymini
586 2262 760 2318 capsula
787 2271 863 2300 etc.
892 2284 948 2293 --

191 2337 258 2377 καῖ
280 2324 521 2387 κυμινοδόχή
543 2331 727 2385 pertinet
744 2329 794 2367 ad
813 2341 897 2381 seq.
954 2328 1130 2366 Kumm.

300 2403 341 2442 ἐν
369 2401 591 2452 Γαλατείᾳ,
623 2397 767 2450 σοφαῖς
792 2413 835 2437 π.
868 2394 978 2446 etc.]
1034 2390 1113 2432 Sed
1149 2389 1310 2454 desunt'
1328 2387 1373 2426 in
1400 2386 1498 2429 MS.
1530 2387 1622 2437 ista,

189 2460 230 2499 ἐν
256 2458 474 2505 tutamine,
507 2456 652 2506 σοφαῖς
684 2462 763 2494 ete.
794 2453 927 2503 usque
950 2448 999 2486 ad
1022 2450 1089 2490 καῖ
1109 2452 1374 2497 κυμινοθηκη.
1432 2444 1625 2508 Εεὶᾳυο-

190 2527 268 2568 que
290 2498 546 2552 constiiuere
577 2508 845 2550 tentabimus.
886 2516 992 2544 certe
1013 2499 1055 2546 ιδ
1075 2500 1196 2545 πολλοὶ
1219 2503 1284 2540 vel
1303 2502 1367 2542 καὶ
1389 2505 1526 2546 πολλα,
1561 2501 1626 2538 vel
