1656 2976
154 158 260 198 1770
752 151 806 191 X.
866 154 957 195 153.

158 266 287 318 vulgo
317 262 471 316 συβίνη.
502 261 678 314 Hesych·
700 260 885 318 Συβήνη,
915 260 1165 318 αὗλοθήκηῆ
1181 262 1392 319 τοξυθῆκη.
1421 265 1476 304 Et
1493 264 1587 303 Sui-

157 320 260 359 das:
283 316 453 373 συβήνη,
481 315 508 371 ἦ
528 319 732 373 δερματίνη
752 317 959 375 αὖλοθήκη
978 330 1056 361 etc.
1112 320 1177 361 Ita
1197 329 1239 362 et
1260 321 1589 375 Etymologicum

155 377 370 431 Magnum.
425 379 533 412 Itmc.

265 428 462 483 σιβήνην]
503 428 753 471 Rectissime
781 431 904 472 MSS.
935 431 1135 486 συβήνην·
1178 431 1242 473 aie
1270 431 1382 472 enim
1401 439 1448 470 et
1475 429 1588 485 apud

156 487 337 539 Hesych.
368 483 558 540 Συβήνη,
587 483 794 540 αὗλοθῆκη
824 485 855 540 ἢ
883 486 1108 542 τοξοθήκη,
1140 485 1170 541 ἢ
1197 485 1219 530 ὃ
1248 484 1435 535 ναυτικὸς
1459 484 1587 540 χιτών.

154 542 294 584 Idem:
325 541 574 597 Συρβηνεύς.
601 546 799 598 Κρατῖνος
819 544 862 586 ἐν
885 543 1089 600 Θρᾴτταις,
1119 543 1210 596 ἤτοι
1230 538 1402 596 αὔλητής
1417 556 1428 566 ·
1460 539 1587 596 σύρβη

155 597 229 655 γὰρ
250 595 278 651 ἦ
302 596 534 651 αὖλοθήκη“
564 594 594 651 ἢ
609 596 846 654 ταραχώδης.
893 599 1098 654 quandam
1121 599 1261 641 deesse
1278 599 1396 640 vocis
1416 597 1588 650 exposi-

154 656 315 695 tionem
330 663 447 708 patet
466 668 520 695 ex
541 653 653 705 ἤτοι,
685 668 793 708 quae
814 655 1019 709 particula
1039 653 1156 695 aliud
1184 654 1287 708 quid
1317 653 1588 708 praecessisse

156 708 318 751 indicio
340 718 416 751 est.
444 709 505 749 sic
520 712 658 749 locum
677 709 931 763 explendum
948 723 1065 751 reor:
1095 709 1338 765 Συρβηνεῦς,
1364 710 1489 762 πένης
1502 716 1585 752 etc.

154 765 455 820 pronunciatio
476 778 559 804 non
583 764 799 805 dissimilis
816 771 886 808 τοῦ
904 763 1047 820 βηνεύς
1065 774 1108 807 et
1125 768 1246 819 πένης
1265 763 1453 806 fraudem
1472 762 1589 805 exci-

154 821 291 876 pienti
316 821 491 860 librario
514 821 630 862 fecit.
660 822 865 861 rationem
885 820 1192 862 emendationis
1214 835 1329 862 meae
1347 835 1371 862 e
1393 819 1523 859 Suida
1534 819 1587 858 li·
1612 853 1615 858 ,

155 887 235 929 cet,
253 875 499 930 Etymologo
517 886 559 917 et
572 877 962 930 Paroemiogqaphis
981 877 1169 932 antiquis
1186 886 1317 930 petas.
1345 886 1473 931 porro
1491 881 1588 928 συρ-

153 932 256 987 βήνη
277 931 498 987 legendum
521 946 597 985 pro
619 930 745 987 σὺρβη
761 945 771 955 ·
811 935 879 973 vel
897 932 1040 986 potina
1059 932 1242 987 συβήνη,
1270 940 1320 972 ut
1339 929 1513 998 propius
1535 929 1587 970 ad

154 990 286 1043 ipsam
308 987 528 1028 veritatem
547 987 788 1028 accedamus
799 1007 812 1040 3
851 1002 945 1028 nam
964 991 1033 1029 vel
1049 987 1199 1043 σύρβην
1215 990 1285 1029 vel
1303 990 1508 1044 συρβηνην
1522 989 1588 1025 ti-

155 1046 320 1084 biarum
347 1044 530 1082 loculum
562 1042 804 1099 designare,
834 1042 950 1083 haud
967 1043 1074 1084 mihi
1098 1045 1224 1085 facile
1244 1042 1487 1098 persuaderi
1503 1056 1588 1096 pa-

154 1100 259 1141 tiar:
289 1100 485 1154 συρβηνέα
506 1113 606 1139 vero
627 1100 873 1154 quicunque
891 1100 1050 1152 primus
1073 1100 1278 1155 exposuit
1298 1097 1497 1152 αὐλητὴν,
1528 1097 1588 1137 il-

152 1155 235 1195 lius
255 1156 394 1195 animo
415 1153 695 1210 proculdubio
717 1155 803 1195 fuit
819 1155 1036 1196 obversata
1056 1154 1292 1196 similitudo
1309 1153 1492 1196 nominis
1513 1168 1588 1196 συ-

154 1210 270 1266 βήνη.
317 1213 604 1265 Etymologum
625 1221 762 1251 autem
792 1212 837 1250 in
867 1211 1101 1266 Συρβηνεῦς
1129 1210 1464 1252 accuratissimus
1488 1211 1587 1262 Syl-

153 1269 323 1319 burgius·
358 1266 462 1308 scite
492 1267 676 1307 correxit
704 1281 726 1306 e
760 1268 914 1308 Suida:
963 1267 1136 1307 Suidam
1169 1276 1218 1306 tu
1241 1267 1365 1306 velim
1396 1278 1449 1306 ex
1480 1268 1587 1306 alte-

153 1337 200 1363 ro
223 1323 434 1364 restituas.
471 1322 627 1376 legitur
643 1323 757 1362 enim
786 1322 897 1376 apud
922 1323 1040 1362 illum
1069 1318 1226 1363 vitiose
1253 1318 1446 1376 Συρβήνη
1466 1319 1587 1376 χορὸς

151 1393 228 1432 pro
248 1379 489 1433 Συρβηνέων
508 1374 648 1430 χορός·
674 1376 744 1417 sed
765 1376 818 1418 de
845 1377 996 1433 συβήνῃ
1021 1391 1128 1433 quae
1149 1377 1240 1418 dixi
1259 1377 1488 1418 sufficiunt.
1513 1376 1584 1416 ad-

153 1432 332 1473 dendum
354 1448 405 1473 ex
422 1432 599 1485 Hesych.
628 1435 812 1483 Σαΐκτας,
837 1433 1028 1484 θύλακας,
1054 1436 1319 1488 μαρσίππους,
1349 1434 1449 1478 ἔνιοι
1468 1431 1586 1475 αὐλο-

150 1483 301 1542 θήκας·
342 1488 456 1529 hunc
484 1491 623 1527 locum
644 1498 692 1528 ut
717 1488 1018 1530 emendandum
1039 1489 1219 1529 iudicem
1233 1518 1246 1537 ‚
1275 1489 1367 1528 dixi
1384 1488 1435 1528 ad
1454 1503 1581 1542 segm-

152 1545 218 1586 64.
265 1546 337 1585 De
352 1547 645 1601 γλωττοκομείῳ
667 1555 766 1585 vero
788 1554 901 1584 recte
914 1547 1152 1585 Nunnesius
1165 1543 1403 1585 observavit
1409 1544 1581 1598 proprie
1655 1579 1656 1601 ἢ

151 1600 236 1639 dici
248 1599 321 1653 τὴν
341 1599 418 1642 τῶν
431 1604 608 1655 γλωττῶν
620 1602 686 1640 vel
697 1603 914 1654 γλωττίδων
931 1600 1088 1654 θήκην·
1118 1598 1189 1640 sed
1210 1613 1296 1640 non
1316 1599 1456 1651 video,
1478 1598 1589 1655 quid'

150 1657 366 1710 impediat,
398 1670 484 1710 quo
503 1656 640 1694 minus
659 1665 701 1696 et
721 1656 855 1710 ipsum
869 1656 1062 1696 tibiarum
1086 1657 1383 1709 repositorium
1404 1655 1465 1695 sic
1484 1668 1581 1708 pos.

149 1712 205 1751 sit
233 1712 459 1767 appellari,
491 1726 586 1750 cum
615 1710 924 1764 Γλωσσόκομον,
960 1710 1070 1764 θήκη
1096 1711 1340 1764 simplicitet
1362 1710 1414 1751 ab
1445 1711 1583 1764 Hesy-

149 1768 243 1807 οΙιίο
262 1778 509 1822 exponatur,
539 1777 581 1807 et
600 1767 846 1821 posterioris
866 1768 1014 1808 aetatis
1031 1768 1256 1820 scriptores
1275 1767 1445 1822 quosvis
1465 1770 1582 1807 locu-

149 1826 211 1864 los
234 1823 295 1863 sic
313 1822 590 1873 nominarint,
603 1831 652 1862 ut
669 1833 813 1876 postea
834 1833 1038 1866 monetur.
1068 1821 1298 1863 notandum
1307 1831 1447 1863 autem
1465 1827 1581 1876 γλωτ·

147 1886 354 1933 τοκομεῖον
371 1878 422 1919 de
440 1877 696 1932 repositorio
717 1878 914 1918 tibi-arum
935 1879 1123 1919 Atticum
1138 1877 1304 1917 ⁴censeri
1313 1877 1364 1916 ab
1382 1878 1580 1917 Helladio

149 1937 417 1986 Besaneinoo‚
450 1934 522 1990 qui
547 1933 656 1973 idem
674 1934 894 1974 tolerabile
913 1934 1034 1985 dicit,
1065 1931 1181 1989 quod
1202 1946 1252 1973 ea
1269 1946 1373 1974 voce
1391 1934 1579 1988 plerique

149 1990 374 2030 abutantur
393 1991 455 2032 ἐπὶ
477 1995 553 2031 τῶν
571 1991 680 2043 ἕτερα
703 1992 919 2044 δεχομένων
934 1991 1143 2042 τιθέμενοι,
1173 1987 1245 2028 fied
1260 1987 1375 2043 quod
1387 1997 1430 2028 et
1444 1988 1578 2042 ipsam

149 2061 290 2089 vocem
316 2046 529 2085 invertant
547 2054 587 2085 et
603 2056 874 2100 corrumpant
893 2045 1115 2086 scribendo
1137 2041 1433 2100 γλωποπὸμιον,
1453 2048 1578 2098 plane
1639 2073 1642 2076 -

149 2102 247 2149 ferri
268 2116 354 2142 non
378 2115 511 2154 posse.
543 2100 613 2139 ina
629 2110 765 2139 tamen
783 2101 1014 2154 scripturae
1031 2095 1311 2154 ratioetapud
1324 2100 1578 2153 Hesychium

148 2167 187 2196 et
209 2157 307 2196 alibi
329 2171 451 2211 saepe
469 2155 688 2210 reperitur.
726 2155 777 2195 de
800 2159 1062 2211 glossocomo
1081 2169 1180 2197 vero
1201 2158 1268 2196 vel
1285 2158 1576 2210 γλωττοκομείω
1618 2159 1622 2162 ’

146 2228 248 2268 quae
271 2213 421 2268 ccliegi
445 2227 468 2253 e
493 2211 717 2261 veteribus,
746 2211 818 2251 hic
838 2213 1165 2265 non-proferam,
1196 2217 1248 2252 ne
1265 2211 1358 2264 quis
1379 2209 1430 2250 de
1445 2199 1575 2250 nimi‘a

147 2279 335 2309 notarum
353 2279 586 2308 nostratum
610 2269 719 2307 mole
749 2268 867 2320 queri
896 2269 1039 2319 possit.
1100 2268 1201 2320 Περὶ
1224 2271 1302 2309 τῶν
1331 2263 1463 2307 adadu
1494 2272 1574 2308 τῶν

144 2323 331 2367 σ’στεΐιιων
345 2322 550 2364 videndus
562 2324 840 2362 Bar-molinus
852 2322 1021 2363 Libello
1036 2323 1346 2364 Commentario
1356 2321 1410 2363 de
1429 2323 1571 2365 Yibiie.

254 2383 319 2423 καὶ
338 2378 484 2429 αὐλούς
504 2376 749 2431 ὀστεΐνους]
780 2380 995 2430 Aristoph.
1013 2374 1260 2434 Ἀχαρνεῦσι·

357 2433 470 2489 ὑμεῖς
490 2432 529 2478 6³
551 2434 639 2477 ὅσοι
660 2438 857 2488 Θείβαθεν
877 2432 1041 2487 αὐληταὶ
1057 2434 1181 2489 πάρα,

165 2534 167 2536 ,
349 2499 431 2541 τοῖς
447 2489 617 2539 ὀστίνοις
635 2488 787 2544 φύσητε
803 2489 872 2533 τᾶν
890 2489 1071 2545 πρωκτὸν
1091 2488 1224 2539 κυνός.

141 2545 226 2585 Ubi
249 2547 517 2588 Seholtaecee:
543 2548 665 2589 λείπει
686 2545 730 2589 τὸ
750 2544 906 2596 αὐλοῖς·
940 2545 1111 2595 ὀστίνοις
1131 2547 1172 2589 δὲ
1190 2547 1282 2599 ἔφη.
1327 2544 1411 2588 ἐπεὶ
1428 2543 1474 2588 td
1491 2555 1571 2586 πα-

140 2597 350 2645 Λαιόνᾶπό
378 2608 457 2645 ταῖν
475 2605 667 2657 ἑλαφείων
688 2599 815 2646 ὀστῶν
834 2601 1112 2654 κατεσκεύαζον
1133 2600 1226 2652 τούς
1247 2600 1408 2652 αὐλούς.
1467 2608 1568 2641 Imm.
