<?xml version="1.0" encoding="UTF-8"?>
<!DOCTYPE html PUBLIC "-//W3C//DTD XHTML 1.0 Transitional//EN"
    "http://www.w3.org/TR/xhtml1/DTD/xhtml1-transitional.dtd">
<html xmlns="http://www.w3.org/1999/xhtml" xml:lang="en" lang="en">
 <head>
  <title>
</title>
<meta http-equiv="Content-Type" content="text/html;charset=utf-8" />
  <meta name='ocr-system' content='tesseract 3.04.00' />
  <meta name='ocr-capabilities' content='ocr_page ocr_carea ocr_par ocr_line ocrx_word'/>
</head>
<body>
  <div class='ocr_page' id='page_1' title='image "./p2onomastic05polluoft_0050.png"; bbox 0 0 1716 3016; ppageno 0'>
   <div class='ocr_carea' id='block_1_1' title="bbox 188 96 994 141">
    <p class='ocr_par' dir='ltr' id='par_1_1' title="bbox 188 96 994 141">
     <span class='ocr_line' id='line_1_1' title="bbox 188 96 994 141; baseline 0.001 -4"><span class='ocrx_word' id='word_1_1' title='bbox 188 97 270 138; x_wconf 90' lang='grc'>900</span> <span class='ocrx_word' id='word_1_2' title='bbox 750 112 753 122; x_wconf 90' lang='grc'>·</span> <span class='ocrx_word' id='word_1_3' title='bbox 795 96 870 138; x_wconf 88' lang='grc' dir='ltr'>ΙΧ.</span> <span class='ocrx_word' id='word_1_4' title='bbox 928 102 994 141; x_wconf 79' lang='lat'>27.</span> 
     </span>
    </p>
   </div>
   <div class='ocr_carea' id='block_1_2' title="bbox 162 203 1606 1987">
    <p class='ocr_par' dir='ltr' id='par_1_2' title="bbox 178 203 1606 763">
     <span class='ocr_line' id='line_1_2' title="bbox 295 203 1604 266; baseline 0.002 -18"><span class='ocrx_word' id='word_1_5' title='bbox 295 203 525 258; x_wconf 77' lang='grc' dir='ltr'><strong><em>φιλόπολις]</em></strong></span> <span class='ocrx_word' id='word_1_6' title='bbox 581 208 657 246; x_wconf 79' lang='lat' dir='ltr'>Est</span> <span class='ocrx_word' id='word_1_7' title='bbox 686 222 731 247; x_wconf 82' lang='lat' dir='ltr'>ea</span> <span class='ocrx_word' id='word_1_8' title='bbox 770 222 855 247; x_wconf 81' lang='lat' dir='ltr'>vox</span> <span class='ocrx_word' id='word_1_9' title='bbox 883 208 1006 248; x_wconf 80' lang='lat' dir='ltr'>etiam</span> <span class='ocrx_word' id='word_1_10' title='bbox 1045 208 1139 251; x_wconf 83' lang='lat' dir='ltr'>libr.</span> <span class='ocrx_word' id='word_1_11' title='bbox 1173 210 1245 249; x_wconf 90' lang='lat' dir='ltr'>VI.</span> <span class='ocrx_word' id='word_1_12' title='bbox 1296 211 1530 266; x_wconf 68' lang='grc' dir='ltr'><strong><em>Ξυγγραᾳῆς</em></strong></span> <span class='ocrx_word' id='word_1_13' title='bbox 1559 211 1604 250; x_wconf 85' lang='lat' dir='ltr'>in</span> 
     </span>
     <span class='ocr_line' id='line_1_3' title="bbox 187 262 1606 332; baseline 0.005 -30"><span class='ocrx_word' id='word_1_14' title='bbox 187 262 391 302; x_wconf 81' lang='lat' dir='ltr'>Oratione</span> <span class='ocrx_word' id='word_1_15' title='bbox 413 263 655 301; x_wconf 75' lang='lat' dir='ltr'><em>Alcibiadis.</em></span> <span class='ocrx_word' id='word_1_16' title='bbox 689 262 784 303; x_wconf 87' lang='lat' dir='ltr'>vide</span> <span class='ocrx_word' id='word_1_17' title='bbox 810 274 945 303; x_wconf 84' lang='lat' dir='ltr'>tamen</span> <span class='ocrx_word' id='word_1_18' title='bbox 977 279 1027 303; x_wconf 86' lang='lat' dir='ltr'>ne</span> <span class='ocrx_word' id='word_1_19' title='bbox 1054 265 1108 303; x_wconf 87' lang='lat' dir='ltr'>sit</span> <span class='ocrx_word' id='word_1_20' title='bbox 1137 265 1359 332; x_wconf 85' lang='lat' dir='ltr'>legendum</span> <span class='ocrx_word' id='word_1_21' title='bbox 1386 270 1455 308; x_wconf 77' lang='grc' dir='ltr'>και</span> <span class='ocrx_word' id='word_1_22' title='bbox 1487 265 1606 320; x_wconf 79' lang='grc' dir='ltr'><strong><em>φιλό-</em></strong></span> 
     </span>
     <span class='ocr_line' id='line_1_4' title="bbox 183 314 1605 374; baseline 0.002 -15"><span class='ocrx_word' id='word_1_23' title='bbox 183 324 276 360; x_wconf 81' lang='grc' dir='ltr'><strong><em>πολι</em></strong></span> <span class='ocrx_word' id='word_1_24' title='bbox 306 316 348 360; x_wconf 63' lang='lat' dir='ltr'>to*</span> <span class='ocrx_word' id='word_1_25' title='bbox 372 317 498 367; x_wconf 78' lang='grc' dir='ltr'><strong><em>ἦθος·</em></strong></span> <span class='ocrx_word' id='word_1_26' title='bbox 525 321 590 356; x_wconf 80' lang='lat' dir='ltr'>vel</span> <span class='ocrx_word' id='word_1_27' title='bbox 622 319 810 370; x_wconf 73' lang='lat' dir='ltr'>auctius,</span> <span class='ocrx_word' id='word_1_28' title='bbox 841 314 1047 371; x_wconf 72' lang='grc' dir='ltr'><strong><em>ᾳιλόπολις</em></strong></span> <span class='ocrx_word' id='word_1_29' title='bbox 1074 323 1141 362; x_wconf 79' lang='grc' dir='ltr'>καὶ</span> <span class='ocrx_word' id='word_1_30' title='bbox 1172 320 1355 374; x_wconf 81' lang='grc' dir='ltr'><strong><em>φιλόπολι</em></strong></span> <span class='ocrx_word' id='word_1_31' title='bbox 1385 331 1464 362; x_wconf 88' lang='lat' dir='ltr'>etc.</span> <span class='ocrx_word' id='word_1_32' title='bbox 1496 331 1605 363; x_wconf 82' lang='lat' dir='ltr'>certe</span> 
     </span>
     <span class='ocr_line' id='line_1_5' title="bbox 185 373 1603 429; baseline 0.004 -18"><span class='ocrx_word' id='word_1_33' title='bbox 185 373 244 412; x_wconf 81' lang='lat' dir='ltr'>ita</span> <span class='ocrx_word' id='word_1_34' title='bbox 266 383 308 413; x_wconf 84' lang='lat' dir='ltr'>et</span> <span class='ocrx_word' id='word_1_35' title='bbox 327 374 369 411; x_wconf 90' lang='lat' dir='ltr'>in</span> <span class='ocrx_word' id='word_1_36' title='bbox 393 373 533 414; x_wconf 84' lang='lat' dir='ltr'>eadem</span> <span class='ocrx_word' id='word_1_37' title='bbox 552 373 755 413; x_wconf 79' lang='lat' dir='ltr'>Oratione</span> <span class='ocrx_word' id='word_1_38' title='bbox 774 375 1013 414; x_wconf 72' lang='lat' dir='ltr'>Alcibiadi-⁹</span> <span class='ocrx_word' id='word_1_39' title='bbox 1031 375 1094 415; x_wconf 82' lang='lat' dir='ltr'>bis</span> <span class='ocrx_word' id='word_1_40' title='bbox 1112 375 1331 429; x_wconf 80' lang='grc' dir='ltr'><strong><em>φιλόπολις.</em></strong></span> <span class='ocrx_word' id='word_1_41' title='bbox 1375 391 1498 429; x_wconf 83' lang='lat' dir='ltr'>supra</span> <span class='ocrx_word' id='word_1_42' title='bbox 1519 378 1603 428; x_wconf 88' lang='lat'>111,</span> 
     </span>
     <span class='ocr_line' id='line_1_6' title="bbox 183 425 1603 484; baseline 0 -14"><span class='ocrx_word' id='word_1_43' title='bbox 183 429 249 470; x_wconf 84' lang='grc'>65.</span> <span class='ocrx_word' id='word_1_44' title='bbox 281 432 346 471; x_wconf 76' lang='grc' dir='ltr'>καῖ</span> <span class='ocrx_word' id='word_1_45' title='bbox 365 427 468 478; x_wconf 74' lang='grc' dir='ltr'><strong><em>ἦθος</em></strong></span> <span class='ocrx_word' id='word_1_46' title='bbox 487 425 695 482; x_wconf 80' lang='grc' dir='ltr'><strong><em>φιλόπολι·</em></strong></span> <span class='ocrx_word' id='word_1_47' title='bbox 727 440 767 470; x_wconf 85' lang='lat' dir='ltr'>et</span> <span class='ocrx_word' id='word_1_48' title='bbox 796 429 908 470; x_wconf 89' lang='lat' dir='ltr'>hoc</span> <span class='ocrx_word' id='word_1_49' title='bbox 898 445 1032 484; x_wconf 72' lang='lat' dir='ltr'><strong>xpsum</strong></span> <span class='ocrx_word' id='word_1_50' title='bbox 1061 446 1111 470; x_wconf 86' lang='lat' dir='ltr'>ex</span> <span class='ocrx_word' id='word_1_51' title='bbox 1133 432 1336 472; x_wconf 81' lang='lat' dir='ltr'><strong>Oratione</strong></span> <span class='ocrx_word' id='word_1_52' title='bbox 1359 433 1603 472; x_wconf 76' lang='lat' dir='ltr'><em>Alcibiadis</em></span> 
     </span>
     <span class='ocr_line' id='line_1_7' title="bbox 182 482 1603 542; baseline 0.004 -18"><span class='ocrx_word' id='word_1_53' title='bbox 182 494 342 524; x_wconf 81' lang='lat' dir='ltr'>exstat:</span> <span class='ocrx_word' id='word_1_54' title='bbox 382 482 426 526; x_wconf 87' lang='grc' dir='ltr'>τό</span> <span class='ocrx_word' id='word_1_55' title='bbox 470 500 510 526; x_wconf 80' lang='grc' dir='ltr'>τε</span> <span class='ocrx_word' id='word_1_56' title='bbox 549 483 754 537; x_wconf 78' lang='grc' dir='ltr'><strong><em>φιλόπολι,</em></strong></span> <span class='ocrx_word' id='word_1_57' title='bbox 794 484 866 528; x_wconf 72' lang='grc' dir='ltr'>οὐκ</span> <span class='ocrx_word' id='word_1_58' title='bbox 892 489 933 528; x_wconf 76' lang='grc' dir='ltr'>ἐν</span> <span class='ocrx_word' id='word_1_59' title='bbox 963 504 993 539; x_wconf 90' lang='grc' dir='ltr'>ῳ</span> <span class='ocrx_word' id='word_1_60' title='bbox 1023 485 1234 541; x_wconf 75' lang='grc' dir='ltr'><strong><em>ἀδικοῦμαι</em></strong></span> <span class='ocrx_word' id='word_1_61' title='bbox 1262 484 1357 542; x_wconf 75' lang='grc' dir='ltr'><em>ἔγω,</em></span> <span class='ocrx_word' id='word_1_62' title='bbox 1385 486 1470 530; x_wconf 71' lang='lat' dir='ltr'>a’u&#39;</span> <span class='ocrx_word' id='word_1_63' title='bbox 1500 491 1543 531; x_wconf 76' lang='grc' dir='ltr'>ἐν</span> <span class='ocrx_word' id='word_1_64' title='bbox 1571 487 1603 542; x_wconf 81' lang='grc' dir='ltr'><em>ᾦ</em></span> 
     </span>
     <span class='ocr_line' id='line_1_8' title="bbox 179 538 1602 594; baseline 0.001 -14"><span class='ocrx_word' id='word_1_65' title='bbox 179 538 372 591; x_wconf 75' lang='grc' dir='ltr'><strong><em>ἀσφαλῶς</em></strong></span> <span class='ocrx_word' id='word_1_66' title='bbox 393 539 581 583; x_wconf 77' lang='grc' dir='ltr'><strong><em>ἐπολιτεύ</em></strong></span> <span class='ocrx_word' id='word_1_67' title='bbox 575 549 664 591; x_wconf 78' lang='grc' dir='ltr'><strong><em>θην</em></strong></span> <span class='ocrx_word' id='word_1_68' title='bbox 706 541 787 583; x_wconf 85' lang='lat' dir='ltr'>Sed</span> <span class='ocrx_word' id='word_1_69' title='bbox 808 542 869 580; x_wconf 89' lang='lat' dir='ltr'>nil</span> <span class='ocrx_word' id='word_1_70' title='bbox 893 541 1149 582; x_wconf 83' lang='lat' dir='ltr'>mutandum.</span> <span class='ocrx_word' id='word_1_71' title='bbox 1169 545 1350 594; x_wconf 82' lang='lat' dir='ltr'>respexit</span> <span class='ocrx_word' id='word_1_72' title='bbox 1381 545 1531 583; x_wconf 69' lang='lat' dir='ltr'>Noster</span> <span class='ocrx_word' id='word_1_73' title='bbox 1550 543 1602 582; x_wconf 79' lang='lat' dir='ltr'>ad</span> 
     </span>
     <span class='ocr_line' id='line_1_9' title="bbox 179 595 1603 655; baseline 0.005 -21"><span class='ocrx_word' id='word_1_74' title='bbox 179 596 286 634; x_wconf 86' lang='lat' dir='ltr'>illa</span> <span class='ocrx_word' id='word_1_75' title='bbox 275 611 318 634; x_wconf 84' lang='lat' dir='ltr'><strong>m</strong></span> <span class='ocrx_word' id='word_1_76' title='bbox 338 595 539 634; x_wconf 81' lang='lat' dir='ltr'>Oratione</span> <span class='ocrx_word' id='word_1_77' title='bbox 560 597 735 636; x_wconf 71' lang='lat' dir='ltr'>Periclis</span> <span class='ocrx_word' id='word_1_78' title='bbox 760 596 809 636; x_wconf 82' lang='lat' dir='ltr'>ad</span> <span class='ocrx_word' id='word_1_79' title='bbox 830 597 1096 636; x_wconf 71' lang='lat' dir='ltr'>Athenienses</span> <span class='ocrx_word' id='word_1_80' title='bbox 1123 598 1527 655; x_wconf 66' lang='grc' dir='ltr'>1ῑδτ.ΙΙ.Ξυγγραφ.</span> <span class='ocrx_word' id='word_1_81' title='bbox 1558 596 1603 649; x_wconf 81' lang='grc' dir='ltr'>ὃς</span> 
     </span>
     <span class='ocr_line' id='line_1_10' title="bbox 178 650 1604 719; baseline 0.001 -25"><span class='ocrx_word' id='word_1_82' title='bbox 178 650 338 699; x_wconf 75' lang='grc' dir='ltr'><strong><em>οὐδενος</em></strong></span> <span class='ocrx_word' id='word_1_83' title='bbox 357 651 489 701; x_wconf 80' lang='grc' dir='ltr'><strong><em>ἥσσων</em></strong></span> <span class='ocrx_word' id='word_1_84' title='bbox 509 654 643 705; x_wconf 77' lang='grc' dir='ltr'><strong><em>οἴομαι</em></strong></span> <span class='ocrx_word' id='word_1_85' title='bbox 659 653 763 696; x_wconf 82' lang='grc' dir='ltr'><strong><em>εἶναι</em></strong></span> <span class='ocrx_word' id='word_1_86' title='bbox 780 653 929 719; x_wconf 72' lang='grc' dir='ltr'><strong><em>γνῶναί</em></strong></span> <span class='ocrx_word' id='word_1_87' title='bbox 955 669 995 693; x_wconf 70' lang='grc' dir='ltr'>τε</span> <span class='ocrx_word' id='word_1_88' title='bbox 1014 671 1060 695; x_wconf 83' lang='grc' dir='ltr'>τα</span> <span class='ocrx_word' id='word_1_89' title='bbox 1081 655 1237 706; x_wconf 64' lang='grc' dir='ltr'><strong><em>δέοντα,</em></strong></span> <span class='ocrx_word' id='word_1_90' title='bbox 1266 658 1335 698; x_wconf 79' lang='grc' dir='ltr'>καῖ</span> <span class='ocrx_word' id='word_1_91' title='bbox 1359 658 1604 710; x_wconf 66' lang='grc' dir='ltr'><strong><em>ἑρμηνεῦσαι</em></strong></span> 
     </span>
     <span class='ocr_line' id='line_1_11' title="bbox 178 704 1330 763; baseline 0.002 -14"><span class='ocrx_word' id='word_1_92' title='bbox 178 708 301 749; x_wconf 80' lang='grc' dir='ltr'><strong><em>ταῦτα</em></strong></span> <span class='ocrx_word' id='word_1_93' title='bbox 318 706 522 762; x_wconf 76' lang='grc' dir='ltr'><strong><em>φιλόπολίς</em></strong></span> <span class='ocrx_word' id='word_1_94' title='bbox 546 725 587 751; x_wconf 79' lang='grc' dir='ltr'>τε</span> <span class='ocrx_word' id='word_1_95' title='bbox 614 713 681 751; x_wconf 81' lang='grc' dir='ltr'>καὶ</span> <span class='ocrx_word' id='word_1_96' title='bbox 705 704 915 763; x_wconf 70' lang='grc' dir='ltr'><strong><em>χρημάτων</em></strong></span> <span class='ocrx_word' id='word_1_97' title='bbox 934 711 1141 763; x_wconf 76' lang='grc' dir='ltr'><strong><em>κρείσσων.</em></strong></span> <span class='ocrx_word' id='word_1_98' title='bbox 1199 711 1330 753; x_wconf 75' lang='lat' dir='ltr'><strong>Iunc.</strong></span> 
     </span>
    </p>

    <p class='ocr_par' dir='ltr' id='par_1_3' title="bbox 171 816 1599 986">
     <span class='ocr_line' id='line_1_12' title="bbox 285 816 1597 872; baseline 0.003 -13"><span class='ocrx_word' id='word_1_99' title='bbox 285 836 355 861; x_wconf 80' lang='grc' dir='ltr'>τον</span> <span class='ocrx_word' id='word_1_100' title='bbox 381 819 423 861; x_wconf 71' lang='grc' dir='ltr'>δὲ</span> <span class='ocrx_word' id='word_1_101' title='bbox 452 816 490 861; x_wconf 77' lang='grc' dir='ltr'>οἱ.</span> <span class='ocrx_word' id='word_1_102' title='bbox 520 828 599 859; x_wconf 81' lang='lat' dir='ltr'>etc,</span> <span class='ocrx_word' id='word_1_103' title='bbox 612 819 628 872; x_wconf 94' lang='grc'>]</span> <span class='ocrx_word' id='word_1_104' title='bbox 676 819 722 858; x_wconf 92' lang='lat' dir='ltr'><strong>C.</strong></span> <span class='ocrx_word' id='word_1_105' title='bbox 750 819 801 859; x_wconf 93' lang='lat' dir='ltr'>A</span> <span class='ocrx_word' id='word_1_106' title='bbox 833 837 912 862; x_wconf 87' lang='grc' dir='ltr'>των</span> <span class='ocrx_word' id='word_1_107' title='bbox 935 822 975 861; x_wconf 78' lang='grc' dir='ltr'>δὲ</span> <span class='ocrx_word' id='word_1_108' title='bbox 995 837 1123 862; x_wconf 86' lang='grc' dir='ltr'><strong><em>αστων</em></strong></span> <span class='ocrx_word' id='word_1_109' title='bbox 1145 818 1323 870; x_wconf 79' lang='grc' dir='ltr'><strong><em>Ευπολις</em></strong></span> <span class='ocrx_word' id='word_1_110' title='bbox 1346 823 1389 864; x_wconf 76' lang='grc' dir='ltr'>ἓν</span> <span class='ocrx_word' id='word_1_111' title='bbox 1408 818 1597 870; x_wconf 81' lang='grc' dir='ltr'><strong><em>,Ευπολις-</em></strong></span> 
     </span>
     <span class='ocr_line' id='line_1_13' title="bbox 176 874 1599 931; baseline 0.001 -18"><span class='ocrx_word' id='word_1_112' title='bbox 176 875 224 917; x_wconf 90' lang='lat' dir='ltr'><strong>C.</strong></span> <span class='ocrx_word' id='word_1_113' title='bbox 254 874 302 916; x_wconf 96' lang='lat' dir='ltr'>V.</span> <span class='ocrx_word' id='word_1_114' title='bbox 324 874 531 927; x_wconf 81' lang='grc' dir='ltr'><strong><em>Ἔμπολις,</em></strong></span> <span class='ocrx_word' id='word_1_115' title='bbox 555 876 668 928; x_wconf 89' lang='lat' dir='ltr'>quod</span> <span class='ocrx_word' id='word_1_116' title='bbox 697 875 860 928; x_wconf 83' lang='lat' dir='ltr'>melius,</span> <span class='ocrx_word' id='word_1_117' title='bbox 890 877 954 914; x_wconf 85' lang='lat' dir='ltr'>uti</span> <span class='ocrx_word' id='word_1_118' title='bbox 972 886 1088 930; x_wconf 85' lang='lat' dir='ltr'>patet</span> <span class='ocrx_word' id='word_1_119' title='bbox 1110 890 1161 915; x_wconf 80' lang='lat' dir='ltr'>ex</span> <span class='ocrx_word' id='word_1_120' title='bbox 1178 890 1243 926; x_wconf 86' lang='lat' dir='ltr'>eo,</span> <span class='ocrx_word' id='word_1_121' title='bbox 1265 876 1379 931; x_wconf 78' lang='lat' dir='ltr'>quod</span> <span class='ocrx_word' id='word_1_122' title='bbox 1409 878 1599 931; x_wconf 82' lang='lat' dir='ltr'>sequitur</span> 
     </span>
     <span class='ocr_line' id='line_1_14' title="bbox 171 928 610 997; baseline -0.012 -23"><span class='ocrx_word' id='word_1_123' title='bbox 171 928 374 997; x_wconf 72' lang='grc' dir='ltr'><strong><em>ἓγχωριος.</em></strong></span> <span class='ocrx_word' id='word_1_124' title='bbox 431 933 610 971; x_wconf 74' lang='lat' dir='ltr'><strong>Kmfflu.</strong></span> 
     </span>
    </p>

    <p class='ocr_par' dir='ltr' id='par_1_4' title="bbox 164 984 1596 1705">
     <span class='ocr_line' id='line_1_15' title="bbox 283 984 1594 1041; baseline -0.002 -13"><span class='ocrx_word' id='word_1_125' title='bbox 283 985 348 1028; x_wconf 78' lang='grc' dir='ltr'>τόν</span> <span class='ocrx_word' id='word_1_126' title='bbox 374 988 414 1028; x_wconf 76' lang='grc' dir='ltr'>δὲ</span> <span class='ocrx_word' id='word_1_127' title='bbox 443 984 558 1028; x_wconf 73' lang='grc' dir='ltr'><strong><em>οἰστόν</em></strong></span> <span class='ocrx_word' id='word_1_128' title='bbox 587 996 665 1027; x_wconf 78' lang='lat' dir='ltr'>etc.</span> <span class='ocrx_word' id='word_1_129' title='bbox 677 985 694 1039; x_wconf 93' lang='lat'>]</span> <span class='ocrx_word' id='word_1_130' title='bbox 745 985 926 1029; x_wconf 73' lang='grc' dir='ltr'><strong><em>Εὔπολιν</em></strong></span> <span class='ocrx_word' id='word_1_131' title='bbox 960 986 1177 1041; x_wconf 84' lang='lat' dir='ltr'>legebatur</span> <span class='ocrx_word' id='word_1_132' title='bbox 1206 988 1359 1040; x_wconf 83' lang='lat' dir='ltr'>vulgo,</span> <span class='ocrx_word' id='word_1_133' title='bbox 1397 1001 1474 1040; x_wconf 86' lang='lat' dir='ltr'>pro</span> <span class='ocrx_word' id='word_1_134' title='bbox 1509 1001 1594 1041; x_wconf 90' lang='lat' dir='ltr'>quo</span> 
     </span>
     <span class='ocr_line' id='line_1_16' title="bbox 175 1041 1595 1099; baseline 0.001 -18"><span class='ocrx_word' id='word_1_135' title='bbox 175 1043 402 1082; x_wconf 72' lang='lat' dir='ltr'>Kuehnius’</span> <span class='ocrx_word' id='word_1_136' title='bbox 402 1043 612 1095; x_wconf 58' lang='lat' dir='ltr'>&#39;‘Epanohv</span> <span class='ocrx_word' id='word_1_137' title='bbox 643 1051 684 1079; x_wconf 89' lang='lat' dir='ltr'>et</span> <span class='ocrx_word' id='word_1_138' title='bbox 705 1051 837 1081; x_wconf 80' lang='lat' dir='ltr'>recte·</span> <span class='ocrx_word' id='word_1_139' title='bbox 868 1042 929 1081; x_wconf 84' lang='lat' dir='ltr'>sic</span> <span class='ocrx_word' id='word_1_140' title='bbox 950 1042 1081 1096; x_wconf 84' lang='lat' dir='ltr'>igitur</span> <span class='ocrx_word' id='word_1_141' title='bbox 1101 1050 1240 1081; x_wconf 77' lang='lat' dir='ltr'>textus</span> <span class='ocrx_word' id='word_1_142' title='bbox 1259 1041 1398 1082; x_wconf 79' lang='lat' dir='ltr'><strong>habet.</strong></span> <span class='ocrx_word' id='word_1_143' title='bbox 1420 1045 1479 1083; x_wconf 76' lang='lat' dir='ltr'>Ita</span> <span class='ocrx_word' id='word_1_144' title='bbox 1494 1057 1595 1099; x_wconf 88' lang='lat' dir='ltr'><strong>quo·</strong></span> 
     </span>
     <span class='ocr_line' id='line_1_17' title="bbox 174 1096 1595 1153; baseline 0.001 -17"><span class='ocrx_word' id='word_1_145' title='bbox 174 1113 253 1151; x_wconf 89' lang='lat' dir='ltr'>que</span> <span class='ocrx_word' id='word_1_146' title='bbox 283 1097 582 1138; x_wconf 86' lang='lat' dir='ltr'>emendandum</span> <span class='ocrx_word' id='word_1_147' title='bbox 614 1096 728 1134; x_wconf 83' lang='lat' dir='ltr'>hunc</span> <span class='ocrx_word' id='word_1_148' title='bbox 753 1099 891 1135; x_wconf 90' lang='lat' dir='ltr'>locum</span> <span class='ocrx_word' id='word_1_149' title='bbox 921 1098 964 1135; x_wconf 91' lang='lat' dir='ltr'>in</span> <span class='ocrx_word' id='word_1_150' title='bbox 1005 1097 1161 1136; x_wconf 76' lang='lat' dir='ltr'>notulis</span> <span class='ocrx_word' id='word_1_151' title='bbox 1193 1097 1465 1149; x_wconf 77' lang='lat' dir='ltr'>quibusdam,</span> <span class='ocrx_word' id='word_1_152' title='bbox 1494 1112 1595 1153; x_wconf 72' lang='lat' dir='ltr'><strong>qua·</strong></span> 
     </span>
     <span class='ocr_line' id='line_1_18' title="bbox 174 1151 1596 1206; baseline -0.001 -14"><span class='ocrx_word' id='word_1_153' title='bbox 174 1154 305 1193; x_wconf 86' lang='lat' dir='ltr'>habeo</span> <span class='ocrx_word' id='word_1_154' title='bbox 327 1153 440 1195; x_wconf 89' lang='lat' dir='ltr'>MSS</span> <span class='ocrx_word' id='word_1_155' title='bbox 471 1152 521 1190; x_wconf 74' lang='lat' dir='ltr'>acl</span> <span class='ocrx_word' id='word_1_156' title='bbox 542 1153 739 1204; x_wconf 62' lang='lat' dir='ltr'>Heeychii</span> <span class='ocrx_word' id='word_1_157' title='bbox 764 1153 987 1206; x_wconf 83' lang='lat' dir='ltr'>marginem</span> <span class='ocrx_word' id='word_1_158' title='bbox 1007 1151 1168 1192; x_wconf 84' lang='lat' dir='ltr'>viderat</span> <span class='ocrx_word' id='word_1_159' title='bbox 1201 1153 1426 1193; x_wconf 77' lang='lat' dir='ltr'>Berkelius.</span> <span class='ocrx_word' id='word_1_160' title='bbox 1461 1154 1596 1205; x_wconf 71' lang='lat' dir='ltr'>Hesy-</span> 
     </span>
     <span class='ocr_line' id='line_1_19' title="bbox 173 1206 1596 1260; baseline -0.001 -12"><span class='ocrx_word' id='word_1_161' title='bbox 173 1211 262 1248; x_wconf 75' lang='lat' dir='ltr'>chii</span> <span class='ocrx_word' id='word_1_162' title='bbox 279 1208 381 1247; x_wconf 83' lang='lat' dir='ltr'>haec</span> <span class='ocrx_word' id='word_1_163' title='bbox 405 1218 503 1247; x_wconf 82' lang='lat' dir='ltr'>sunt</span> <span class='ocrx_word' id='word_1_164' title='bbox 515 1208 687 1248; x_wconf 83' lang='lat' dir='ltr'>verba:’</span> <span class='ocrx_word' id='word_1_165' title='bbox 686 1208 888 1258; x_wconf 80' lang='grc' dir='ltr'><strong><em>Ἑμπολις,</em></strong></span> <span class='ocrx_word' id='word_1_166' title='bbox 920 1208 943 1249; x_wconf 84' lang='grc' dir='ltr'><em>ὁ</em></span> <span class='ocrx_word' id='word_1_167' title='bbox 961 1211 1132 1258; x_wconf 82' lang='grc' dir='ltr'><em>πατρίδα</em></span> <span class='ocrx_word' id='word_1_168' title='bbox 1152 1206 1276 1260; x_wconf 74' lang='grc' dir='ltr'><strong><em>ἔχων·</em></strong></span> <span class='ocrx_word' id='word_1_169' title='bbox 1305 1207 1423 1247; x_wconf 82' lang='lat' dir='ltr'>addit</span> <span class='ocrx_word' id='word_1_170' title='bbox 1442 1210 1596 1248; x_wconf 77' lang='lat' dir='ltr'>Berhe-</span> 
     </span>
     <span class='ocr_line' id='line_1_20' title="bbox 174 1262 1592 1316; baseline 0 -11"><span class='ocrx_word' id='word_1_171' title='bbox 174 1269 255 1305; x_wconf 71' lang='lat' dir='ltr'><em>lius</em></span> <span class='ocrx_word' id='word_1_172' title='bbox 269 1281 282 1305; x_wconf 84' lang='lat'><strong>.-</strong></span> <span class='ocrx_word' id='word_1_173' title='bbox 308 1267 426 1303; x_wconf 75' lang='lat' dir='ltr'>Haeo</span> <span class='ocrx_word' id='word_1_174' title='bbox 442 1278 522 1302; x_wconf 71' lang='lat' dir='ltr'>vox</span> <span class='ocrx_word' id='word_1_175' title='bbox 547 1264 760 1316; x_wconf 66' lang='lat' dir='ltr'>desumpta</span> <span class='ocrx_word' id='word_1_176' title='bbox 778 1272 838 1301; x_wconf 56' lang='lat' dir='ltr'>est</span> <span class='ocrx_word' id='word_1_177' title='bbox 855 1278 904 1301; x_wconf 78' lang='lat' dir='ltr'>ex</span> <span class='ocrx_word' id='word_1_178' title='bbox 922 1263 1146 1316; x_wconf 79' lang='lat' dir='ltr'>Eupolidis</span> <span class='ocrx_word' id='word_1_179' title='bbox 1162 1262 1331 1314; x_wconf 80' lang='lat' dir='ltr'>Dyade:</span> <span class='ocrx_word' id='word_1_180' title='bbox 1361 1264 1511 1304; x_wconf 79' lang='lat' dir='ltr'><strong>Pollux</strong></span> <span class='ocrx_word' id='word_1_181' title='bbox 1521 1266 1592 1305; x_wconf 79' lang='lat' dir='ltr'>lib.</span> 
     </span>
     <span class='ocr_line' id='line_1_21' title="bbox 171 1316 1594 1374; baseline 0.001 -13"><span class='ocrx_word' id='word_1_182' title='bbox 171 1324 252 1361; x_wconf 92' lang='lat' dir='ltr'><strong>IX.</strong></span> <span class='ocrx_word' id='word_1_183' title='bbox 283 1335 317 1359; x_wconf 85' lang='lat' dir='ltr'><strong>c.</strong></span> <span class='ocrx_word' id='word_1_184' title='bbox 335 1321 374 1358; x_wconf 92' lang='grc'>4.</span> <span class='ocrx_word' id='word_1_185' title='bbox 406 1316 485 1362; x_wconf 78' lang='grc' dir='ltr'><strong><em>Τδν</em></strong></span> <span class='ocrx_word' id='word_1_186' title='bbox 503 1320 545 1360; x_wconf 74' lang='grc' dir='ltr'>δὲ</span> <span class='ocrx_word' id='word_1_187' title='bbox 562 1317 682 1360; x_wconf 79' lang='grc' dir='ltr'><strong><em>οἷστόν</em></strong></span> <span class='ocrx_word' id='word_1_188' title='bbox 701 1319 876 1367; x_wconf 80' lang='grc' dir='ltr'><strong><em>Εὔπολις</em></strong></span> <span class='ocrx_word' id='word_1_189' title='bbox 897 1321 938 1361; x_wconf 74' lang='grc' dir='ltr'>ἐν</span> <span class='ocrx_word' id='word_1_190' title='bbox 960 1320 1006 1374; x_wconf 75' lang='grc' dir='ltr'>τῇ</span> <span class='ocrx_word' id='word_1_191' title='bbox 1022 1317 1154 1361; x_wconf 67' lang='lat' dir='ltr'>Amida</span> <span class='ocrx_word' id='word_1_192' title='bbox 1175 1319 1336 1362; x_wconf 72' lang='grc' dir='ltr'><strong><em>εὕπολιν</em></strong></span> <span class='ocrx_word' id='word_1_193' title='bbox 1361 1321 1406 1371; x_wconf 77' lang='grc' dir='ltr'>(Ι.</span> <span class='ocrx_word' id='word_1_194' title='bbox 1427 1320 1594 1374; x_wconf 84' lang='grc' dir='ltr'><strong><em>Ἔμπο-</em></strong></span> 
     </span>
     <span class='ocr_line' id='line_1_22' title="bbox 171 1374 1589 1429; baseline -0.001 -12"><span class='ocrx_word' id='word_1_195' title='bbox 171 1378 252 1429; x_wconf 88' lang='grc' dir='ltr'><strong><em>λιν)</em></strong></span> <span class='ocrx_word' id='word_1_196' title='bbox 283 1379 452 1428; x_wconf 71' lang='grc' dir='ltr'><strong><em>εἴρηκεν.</em></strong></span> <span class='ocrx_word' id='word_1_197' title='bbox 502 1374 581 1414; x_wconf 86' lang='lat' dir='ltr'>Sed</span> <span class='ocrx_word' id='word_1_198' title='bbox 604 1374 654 1413; x_wconf 91' lang='lat' dir='ltr'>de</span> <span class='ocrx_word' id='word_1_199' title='bbox 673 1377 893 1424; x_wconf 78' lang='lat' dir='ltr'><em>Eupolidis</em></span> <span class='ocrx_word' id='word_1_200' title='bbox 913 1376 1066 1426; x_wconf 82' lang='lat' dir='ltr'>Dyade</span> <span class='ocrx_word' id='word_1_201' title='bbox 1086 1388 1169 1413; x_wconf 88' lang='lat' dir='ltr'>non</span> <span class='ocrx_word' id='word_1_202' title='bbox 1195 1375 1312 1414; x_wconf 84' lang='lat' dir='ltr'>venit</span> <span class='ocrx_word' id='word_1_203' title='bbox 1329 1375 1372 1413; x_wconf 87' lang='lat' dir='ltr'>in</span> <span class='ocrx_word' id='word_1_204' title='bbox 1396 1385 1589 1425; x_wconf 83' lang='lat' dir='ltr'><strong>mentem,</strong></span> 
     </span>
     <span class='ocr_line' id='line_1_23' title="bbox 172 1425 1589 1481; baseline 0.001 -11"><span class='ocrx_word' id='word_1_205' title='bbox 172 1443 213 1474; x_wconf 81' lang='lat' dir='ltr'>et</span> <span class='ocrx_word' id='word_1_206' title='bbox 245 1433 457 1470; x_wconf 78' lang='lat' dir='ltr'>Kuelmius</span> <span class='ocrx_word' id='word_1_207' title='bbox 485 1429 535 1469; x_wconf 82' lang='lat' dir='ltr'>ad</span> <span class='ocrx_word' id='word_1_208' title='bbox 563 1444 674 1468; x_wconf 81' lang='lat' dir='ltr'>mam</span> <span class='ocrx_word' id='word_1_209' title='bbox 707 1430 877 1469; x_wconf 81' lang='lat' dir='ltr'>Codicis</span> <span class='ocrx_word' id='word_1_210' title='bbox 906 1431 995 1469; x_wconf 75' lang='lat' dir='ltr'>sui:</span> <span class='ocrx_word' id='word_1_211' title='bbox 1018 1430 1063 1481; x_wconf 82' lang='lat' dir='ltr'>f.</span> <span class='ocrx_word' id='word_1_212' title='bbox 1091 1425 1257 1480; x_wconf 65' lang='grc' dir='ltr'><strong><em>Δηλιάσι</em></strong></span> <span class='ocrx_word' id='word_1_213' title='bbox 1285 1431 1462 1473; x_wconf 84' lang='lat' dir='ltr'>notavit.</span> <span class='ocrx_word' id='word_1_214' title='bbox 1502 1447 1589 1472; x_wconf 86' lang='lat' dir='ltr'>non</span> 
     </span>
     <span class='ocr_line' id='line_1_24' title="bbox 168 1484 1590 1540; baseline 0 -12"><span class='ocrx_word' id='word_1_215' title='bbox 168 1487 328 1528; x_wconf 80' lang='lat' dir='ltr'>mutavi</span> <span class='ocrx_word' id='word_1_216' title='bbox 350 1497 501 1538; x_wconf 84' lang='lat' dir='ltr'>tamen,</span> <span class='ocrx_word' id='word_1_217' title='bbox 521 1486 616 1540; x_wconf 86' lang='lat' dir='ltr'>quia</span> <span class='ocrx_word' id='word_1_218' title='bbox 641 1484 753 1539; x_wconf 85' lang='lat' dir='ltr'>quod</span> <span class='ocrx_word' id='word_1_219' title='bbox 778 1495 970 1538; x_wconf 80' lang='lat' dir='ltr'>praestet,</span> <span class='ocrx_word' id='word_1_220' title='bbox 990 1500 1074 1524; x_wconf 89' lang='lat' dir='ltr'>non</span> <span class='ocrx_word' id='word_1_221' title='bbox 1095 1495 1285 1525; x_wconf 86' lang='lat' dir='ltr'>occurrat</span> <span class='ocrx_word' id='word_1_222' title='bbox 1305 1485 1431 1528; x_wconf 80' lang='lat' dir='ltr'><strong>aliud.</strong></span> <span class='ocrx_word' id='word_1_223' title='bbox 1463 1487 1590 1540; x_wconf 78' lang='lat' dir='ltr'>[Ean-</span> 
     </span>
     <span class='ocr_line' id='line_1_25' title="bbox 169 1541 1590 1584; baseline -0.002 -2"><span class='ocrx_word' id='word_1_224' title='bbox 169 1544 260 1584; x_wconf 84' lang='lat' dir='ltr'>dem</span> <span class='ocrx_word' id='word_1_225' title='bbox 284 1541 615 1582; x_wconf 81' lang='lat' dir='ltr'>emendationem</span> <span class='ocrx_word' id='word_1_226' title='bbox 637 1541 722 1580; x_wconf 80' lang='lat' dir='ltr'>loci</span> <span class='ocrx_word' id='word_1_227' title='bbox 742 1541 1216 1580; x_wconf 69' lang='lat' dir='ltr'>Meursiusadnotavit</span> <span class='ocrx_word' id='word_1_228' title='bbox 1205 1555 1248 1580; x_wconf 85' lang='lat' dir='ltr'>m</span> <span class='ocrx_word' id='word_1_229' title='bbox 1266 1542 1420 1581; x_wconf 80' lang='lat' dir='ltr'>Attica</span> <span class='ocrx_word' id='word_1_230' title='bbox 1433 1543 1590 1582; x_wconf 85' lang='lat' dir='ltr'><em>Biblio-</em></span> 
     </span>
     <span class='ocr_line' id='line_1_26' title="bbox 168 1596 1587 1650; baseline 0.001 -11"><span class='ocrx_word' id='word_1_231' title='bbox 168 1601 285 1639; x_wconf 78' lang='lat' dir='ltr'><strong><em>theca</em></strong></span> <span class='ocrx_word' id='word_1_232' title='bbox 316 1597 390 1640; x_wconf 85' lang='lat' dir='ltr'>lib,</span> <span class='ocrx_word' id='word_1_233' title='bbox 409 1597 468 1636; x_wconf 92' lang='lat' dir='ltr'><strong>II.</strong></span> <span class='ocrx_word' id='word_1_234' title='bbox 498 1597 571 1635; x_wconf 89' lang='lat' dir='ltr'>ubi</span> <span class='ocrx_word' id='word_1_235' title='bbox 601 1597 725 1635; x_wconf 85' lang='lat' dir='ltr'>etiam</span> <span class='ocrx_word' id='word_1_236' title='bbox 743 1596 907 1637; x_wconf 79' lang='lat' dir='ltr'>fabulae</span> <span class='ocrx_word' id='word_1_237' title='bbox 924 1596 1092 1650; x_wconf 80' lang='lat' dir='ltr'>Dyadis</span> <span class='ocrx_word' id='word_1_238' title='bbox 1110 1611 1162 1636; x_wconf 78' lang='lat' dir='ltr'>ex</span> <span class='ocrx_word' id='word_1_239' title='bbox 1177 1600 1268 1636; x_wconf 86' lang='lat' dir='ltr'>solo</span> <span class='ocrx_word' id='word_1_240' title='bbox 1289 1599 1480 1638; x_wconf 83' lang='lat' dir='ltr'>meminit</span> <span class='ocrx_word' id='word_1_241' title='bbox 1493 1599 1587 1640; x_wconf 79' lang='lat' dir='ltr'><em>Pol-</em></span> 
     </span>
     <span class='ocr_line' id='line_1_27' title="bbox 164 1652 634 1705; baseline -0.015 -9"><span class='ocrx_word' id='word_1_242' title='bbox 164 1658 270 1699; x_wconf 81' lang='lat' dir='ltr'>luce.</span> <span class='ocrx_word' id='word_1_243' title='bbox 299 1655 362 1692; x_wconf 85' lang='lat' dir='ltr'>Ex</span> <span class='ocrx_word' id='word_1_244' title='bbox 389 1652 634 1705; x_wconf 73' lang='lat' dir='ltr'>Addendis]</span> 
     </span>
    </p>

    <p class='ocr_par' dir='ltr' id='par_1_5' title="bbox 165 1706 1584 1814">
     <span class='ocr_line' id='line_1_28' title="bbox 274 1706 1584 1775; baseline -0.002 -22"><span class='ocrx_word' id='word_1_245' title='bbox 274 1707 430 1761; x_wconf 77' lang='grc' dir='ltr'><strong><em>Λυάδι]</em></strong></span> <span class='ocrx_word' id='word_1_246' title='bbox 490 1709 538 1775; x_wconf 73' lang='grc' dir='ltr'>τῇ</span> <span class='ocrx_word' id='word_1_247' title='bbox 563 1706 699 1751; x_wconf 63' lang='lat' dir='ltr'>Auden</span> <span class='ocrx_word' id='word_1_248' title='bbox 724 1707 866 1747; x_wconf 83' lang='lat' dir='ltr'>omisit</span> <span class='ocrx_word' id='word_1_249' title='bbox 905 1707 950 1750; x_wconf 91' lang='lat' dir='ltr'><strong>C.</strong></span> <span class='ocrx_word' id='word_1_250' title='bbox 978 1707 1027 1748; x_wconf 93' lang='lat' dir='ltr'>A.</span> <span class='ocrx_word' id='word_1_251' title='bbox 1075 1707 1173 1761; x_wconf 84' lang='lat' dir='ltr'>quia</span> <span class='ocrx_word' id='word_1_252' title='bbox 1204 1717 1444 1762; x_wconf 87' lang='lat' dir='ltr'>corruptum</span> <span class='ocrx_word' id='word_1_253' title='bbox 1485 1719 1584 1754; x_wconf 86' lang='lat' dir='ltr'>erat.</span> 
     </span>
     <span class='ocr_line' id='line_1_29' title="bbox 165 1754 792 1814; baseline -0.011 -6"><span class='ocrx_word' id='word_1_254' title='bbox 165 1768 320 1808; x_wconf 85' lang='lat' dir='ltr'>forte&#39;</span> <span class='ocrx_word' id='word_1_255' title='bbox 299 1784 342 1807; x_wconf 69' lang='grc' dir='ltr'>εν</span> <span class='ocrx_word' id='word_1_256' title='bbox 369 1754 557 1814; x_wconf 76' lang='grc' dir='ltr'>Δηλιάσι.</span> <span class='ocrx_word' id='word_1_257' title='bbox 616 1765 792 1805; x_wconf 71' lang='lat' dir='ltr'><strong>Kmmn.</strong></span> 
     </span>
    </p>

    <p class='ocr_par' dir='ltr' id='par_1_6' title="bbox 162 1817 1586 1933">
     <span class='ocr_line' id='line_1_30' title="bbox 271 1817 1586 1875; baseline -0.002 -13"><span class='ocrx_word' id='word_1_258' title='bbox 271 1819 425 1869; x_wconf 83' lang='grc' dir='ltr'><strong><em>Λυαδι]</em></strong></span> <span class='ocrx_word' id='word_1_259' title='bbox 471 1819 542 1860; x_wconf 88' lang='lat' dir='ltr'>Sic</span> <span class='ocrx_word' id='word_1_260' title='bbox 561 1830 602 1859; x_wconf 85' lang='lat' dir='ltr'>et</span> <span class='ocrx_word' id='word_1_261' title='bbox 626 1834 702 1875; x_wconf 87' lang='lat' dir='ltr'>ego</span> <span class='ocrx_word' id='word_1_262' title='bbox 722 1817 983 1858; x_wconf 77' lang='lat' dir='ltr'>scribendum</span> <span class='ocrx_word' id='word_1_263' title='bbox 1003 1817 1171 1872; x_wconf 81' lang='lat' dir='ltr'>putavi:</span> <span class='ocrx_word' id='word_1_264' title='bbox 1202 1828 1323 1858; x_wconf 82' lang='lat' dir='ltr'>antea</span> <span class='ocrx_word' id='word_1_265' title='bbox 1343 1819 1453 1860; x_wconf 86' lang='lat' dir='ltr'>enim</span> <span class='ocrx_word' id='word_1_266' title='bbox 1466 1819 1586 1868; x_wconf 72' lang='grc' dir='ltr'>Διᾶδι</span> 
     </span>
     <span class='ocr_line' id='line_1_31' title="bbox 162 1877 586 1933; baseline -0.015 -13"><span class='ocrx_word' id='word_1_267' title='bbox 162 1877 398 1933; x_wconf 84' lang='lat' dir='ltr'>vulgabant.</span> <span class='ocrx_word' id='word_1_268' title='bbox 454 1877 586 1917; x_wconf 76' lang='lat' dir='ltr'><strong>Imm.</strong></span> 
     </span>
    </p>

    <p class='ocr_par' dir='ltr' id='par_1_7' title="bbox 269 1927 1583 1987">
     <span class='ocr_line' id='line_1_32' title="bbox 269 1927 1583 1987; baseline 0.001 -12"><span class='ocrx_word' id='word_1_269' title='bbox 269 1935 354 1976; x_wconf 83' lang='grc' dir='ltr'><strong><em>οἷον</em></strong></span> <span class='ocrx_word' id='word_1_270' title='bbox 385 1930 585 1987; x_wconf 78' lang='grc' dir='ltr'><strong><em>ἐγχώριον</em></strong></span> <span class='ocrx_word' id='word_1_271' title='bbox 613 1931 719 1983; x_wconf 85' lang='lat' dir='ltr'>etc]</span> <span class='ocrx_word' id='word_1_272' title='bbox 779 1931 866 1972; x_wconf 85' lang='lat' dir='ltr'>MS.</span> <span class='ocrx_word' id='word_1_273' title='bbox 906 1927 1118 1987; x_wconf 62' lang='grc' dir='ltr'><strong><em>ἐγχώριον,</em></strong></span> <span class='ocrx_word' id='word_1_274' title='bbox 1157 1931 1222 1973; x_wconf 73' lang='grc' dir='ltr'>καὶ</span> <span class='ocrx_word' id='word_1_275' title='bbox 1253 1927 1453 1975; x_wconf 74' lang='grc' dir='ltr'>ἐντόπιον</span> <span class='ocrx_word' id='word_1_276' title='bbox 1496 1951 1520 1984; x_wconf 88' lang='grc' dir='ltr'><em>η</em></span> <span class='ocrx_word' id='word_1_277' title='bbox 1546 1936 1583 1976; x_wconf 85' lang='grc' dir='ltr'>δ.</span> 
     </span>
    </p>
   </div>
   <div class='ocr_carea' id='block_1_3' title="bbox 158 1990 1582 2111">
    <p class='ocr_par' dir='ltr' id='par_1_8' title="bbox 158 1990 1568 2098">
     <span class='ocr_line' id='line_1_33' title="bbox 158 1990 366 2030; baseline -0.016 0"><span class='ocrx_word' id='word_1_278' title='bbox 158 1990 366 2030; x_wconf 69' lang='lat' dir='ltr'>Sznssnus.</span> 
     </span>
     <span class='ocr_line' id='line_1_34' title="bbox 269 2040 1582 2111; baseline -0.002 -25"><span class='ocrx_word' id='word_1_279' title='bbox 269 2046 351 2087; x_wconf 78' lang='grc' dir='ltr'><strong><em>οἷον</em></strong></span> <span class='ocrx_word' id='word_1_280' title='bbox 375 2040 568 2110; x_wconf 75' lang='grc' dir='ltr'><strong><em>ἐγχωριον.</em></strong></span> <span class='ocrx_word' id='word_1_281' title='bbox 588 2044 692 2096; x_wconf 87' lang='lat' dir='ltr'>etc.]</span> <span class='ocrx_word' id='word_1_282' title='bbox 744 2042 837 2081; x_wconf 89' lang='lat' dir='ltr'>MS.</span> <span class='ocrx_word' id='word_1_283' title='bbox 871 2041 1006 2080; x_wconf 73' lang='lat' dir='ltr'>seheri</span> <span class='ocrx_word' id='word_1_284' title='bbox 1035 2041 1183 2092; x_wconf 77' lang='lat' dir='ltr'>nostri,</span> <span class='ocrx_word' id='word_1_285' title='bbox 1213 2051 1262 2081; x_wconf 90' lang='lat' dir='ltr'>ut</span> <span class='ocrx_word' id='word_1_286' title='bbox 1295 2042 1384 2095; x_wconf 72' lang='lat' dir='ltr'>ipae</span> <span class='ocrx_word' id='word_1_287' title='bbox 1401 2041 1582 2111; x_wconf 84' lang='lat' dir='ltr'>indicat,</span> 
     </span>
    </p>
   </div>
   <div class='ocr_carea' id='block_1_4' title="bbox 157 2097 1582 2540">
    <p class='ocr_par' dir='ltr' id='par_1_9' title="bbox 158 2097 1582 2375">
     <span class='ocr_line' id='line_1_35' title="bbox 159 2097 1582 2156; baseline -0.001 -12"><span class='ocrx_word' id='word_1_288' title='bbox 159 2098 345 2156; x_wconf 74' lang='grc' dir='ltr'><strong><em>ἐγχώριον</em></strong></span> <span class='ocrx_word' id='word_1_289' title='bbox 371 2104 439 2142; x_wconf 67' lang='grc' dir='ltr'>καὶ</span> <span class='ocrx_word' id='word_1_290' title='bbox 462 2097 655 2142; x_wconf 77' lang='grc' dir='ltr'><strong><em>ἐντόπιον.</em></strong></span> <span class='ocrx_word' id='word_1_291' title='bbox 712 2097 827 2136; x_wconf 85' lang='lat' dir='ltr'>Hinc</span> <span class='ocrx_word' id='word_1_292' title='bbox 855 2097 1157 2135; x_wconf 82' lang='lat' dir='ltr'>restituendum</span> <span class='ocrx_word' id='word_1_293' title='bbox 1187 2106 1316 2150; x_wconf 86' lang='lat' dir='ltr'><strong>puto·</strong></span> <span class='ocrx_word' id='word_1_294' title='bbox 1347 2100 1430 2141; x_wconf 81' lang='grc' dir='ltr'><strong><em>οἷον</em></strong></span> <span class='ocrx_word' id='word_1_295' title='bbox 1461 2097 1582 2154; x_wconf 70' lang='grc' dir='ltr'><em>ἐγχώ-</em></span> 
     </span>
     <span class='ocr_line' id='line_1_36' title="bbox 158 2150 1580 2210; baseline -0.005 -11"><span class='ocrx_word' id='word_1_296' title='bbox 158 2175 258 2210; x_wconf 89' lang='grc' dir='ltr'><strong><em>ριον,</em></strong></span> <span class='ocrx_word' id='word_1_297' title='bbox 291 2160 395 2199; x_wconf 71' lang='grc' dir='ltr'><strong><em>εἴποι</em></strong></span> <span class='ocrx_word' id='word_1_298' title='bbox 415 2154 448 2198; x_wconf 79' lang='grc' dir='ltr'>δ’</span> <span class='ocrx_word' id='word_1_299' title='bbox 465 2155 513 2197; x_wconf 80' lang='grc' dir='ltr'>ἅν</span> <span class='ocrx_word' id='word_1_300' title='bbox 525 2172 594 2203; x_wconf 84' lang='grc' dir='ltr'>τις</span> <span class='ocrx_word' id='word_1_301' title='bbox 614 2155 724 2208; x_wconf 81' lang='grc' dir='ltr'><strong><em>οἶμαι</em></strong></span> <span class='ocrx_word' id='word_1_302' title='bbox 743 2156 810 2195; x_wconf 78' lang='grc' dir='ltr'>καὶ</span> <span class='ocrx_word' id='word_1_303' title='bbox 825 2151 894 2194; x_wconf 80' lang='grc' dir='ltr'>τόν</span> <span class='ocrx_word' id='word_1_304' title='bbox 915 2150 1106 2200; x_wconf 77' lang='grc' dir='ltr'><strong><em>ἐντόπιον,</em></strong></span> <span class='ocrx_word' id='word_1_305' title='bbox 1138 2157 1217 2193; x_wconf 81' lang='grc' dir='ltr'>Πλ.</span> <span class='ocrx_word' id='word_1_306' title='bbox 1250 2156 1407 2193; x_wconf 83' lang='lat' dir='ltr'>velut’</span> <span class='ocrx_word' id='word_1_307' title='bbox 1387 2155 1580 2210; x_wconf 54' lang='grc' dir='ltr'><strong><em>ἐγχώριον,</em></strong></span> 
     </span>
     <span class='ocr_line' id='line_1_37' title="bbox 160 2204 1580 2266; baseline -0.003 -15"><span class='ocrx_word' id='word_1_308' title='bbox 160 2214 250 2266; x_wconf 81' lang='lat' dir='ltr'>pari</span> <span class='ocrx_word' id='word_1_309' title='bbox 272 2212 434 2252; x_wconf 85' lang='lat' dir='ltr'>ratione</span> <span class='ocrx_word' id='word_1_310' title='bbox 453 2211 613 2250; x_wconf 80' lang='lat' dir='ltr'>scilicet</span> <span class='ocrx_word' id='word_1_311' title='bbox 633 2224 752 2263; x_wconf 85' lang='lat' dir='ltr'>quem</span> <span class='ocrx_word' id='word_1_312' title='bbox 773 2204 946 2250; x_wconf 74' lang='grc' dir='ltr'><strong><em>ἐντόπιον</em></strong></span> <span class='ocrx_word' id='word_1_313' title='bbox 968 2221 1136 2261; x_wconf 86' lang='lat' dir='ltr'>quoque</span> <span class='ocrx_word' id='word_1_314' title='bbox 1163 2208 1299 2248; x_wconf 82' lang='lat' dir='ltr'>dicere</span> <span class='ocrx_word' id='word_1_315' title='bbox 1315 2224 1450 2262; x_wconf 79' lang='lat' dir='ltr'>posse,</span> <span class='ocrx_word' id='word_1_316' title='bbox 1481 2213 1580 2251; x_wconf 84' lang='lat' dir='ltr'><em>Pla-</em></span> 
     </span>
     <span class='ocr_line' id='line_1_38' title="bbox 159 2264 1578 2321; baseline -0.004 -15"><span class='ocrx_word' id='word_1_317' title='bbox 159 2272 269 2308; x_wconf 82' lang='lat' dir='ltr'>tonis</span> <span class='ocrx_word' id='word_1_318' title='bbox 299 2281 468 2321; x_wconf 84' lang='lat' dir='ltr'>quoque</span> <span class='ocrx_word' id='word_1_319' title='bbox 499 2266 769 2314; x_wconf 81' lang='lat' dir='ltr'>auctoritate,</span> <span class='ocrx_word' id='word_1_320' title='bbox 807 2265 879 2317; x_wconf 90' lang='lat' dir='ltr'>qui</span> <span class='ocrx_word' id='word_1_321' title='bbox 915 2265 959 2302; x_wconf 87' lang='lat' dir='ltr'>in</span> <span class='ocrx_word' id='word_1_322' title='bbox 991 2264 1196 2312; x_wconf 75' lang='lat' dir='ltr'>Phaedro,</span> <span class='ocrx_word' id='word_1_323' title='bbox 1235 2264 1294 2301; x_wconf 91' lang='lat' dir='ltr'>ibi</span> <span class='ocrx_word' id='word_1_324' title='bbox 1322 2267 1431 2304; x_wconf 88' lang='lat' dir='ltr'>enim</span> <span class='ocrx_word' id='word_1_325' title='bbox 1460 2270 1578 2306; x_wconf 77' lang='lat' dir='ltr'><strong>locus</strong></span> 
     </span>
     <span class='ocr_line' id='line_1_39' title="bbox 159 2318 1281 2375; baseline -0.005 -12"><span class='ocrx_word' id='word_1_326' title='bbox 159 2334 234 2375; x_wconf 87' lang='lat' dir='ltr'>est,</span> <span class='ocrx_word' id='word_1_327' title='bbox 265 2323 393 2362; x_wconf 85' lang='lat' dir='ltr'>dixit:</span> <span class='ocrx_word' id='word_1_328' title='bbox 420 2323 607 2375; x_wconf 81' lang='grc' dir='ltr'><strong><em>αἰτιῶμαι</em></strong></span> <span class='ocrx_word' id='word_1_329' title='bbox 624 2320 713 2370; x_wconf 73' lang='grc' dir='ltr'><strong><em>τούς</em></strong></span> <span class='ocrx_word' id='word_1_330' title='bbox 738 2322 941 2369; x_wconf 80' lang='grc' dir='ltr'><strong><em>ἐντοπίους</em></strong></span> <span class='ocrx_word' id='word_1_331' title='bbox 968 2318 1098 2367; x_wconf 76' lang='grc' dir='ltr'><strong><em>θεούς.</em></strong></span> <span class='ocrx_word' id='word_1_332' title='bbox 1155 2320 1281 2360; x_wconf 59' lang='lat' dir='ltr'><strong>Iuno.</strong></span> 
     </span>
    </p>

    <p class='ocr_par' dir='ltr' id='par_1_10' title="bbox 157 2373 1580 2538">
     <span class='ocr_line' id='line_1_40' title="bbox 265 2373 1580 2430; baseline -0.005 -10"><span class='ocrx_word' id='word_1_333' title='bbox 265 2380 344 2420; x_wconf 75' lang='grc' dir='ltr'>τῶν</span> <span class='ocrx_word' id='word_1_334' title='bbox 361 2379 583 2430; x_wconf 71' lang='grc' dir='ltr'><strong><em>ἐντοπίων]</em></strong></span> <span class='ocrx_word' id='word_1_335' title='bbox 634 2377 680 2416; x_wconf 92' lang='lat' dir='ltr'><strong>C.</strong></span> <span class='ocrx_word' id='word_1_336' title='bbox 711 2377 761 2416; x_wconf 85' lang='lat' dir='ltr'>V.</span> <span class='ocrx_word' id='word_1_337' title='bbox 785 2392 851 2418; x_wconf 84' lang='grc' dir='ltr'>τον</span> <span class='ocrx_word' id='word_1_338' title='bbox 878 2373 1067 2417; x_wconf 78' lang='grc' dir='ltr'><strong><em>ἐντόπιον.</em></strong></span> <span class='ocrx_word' id='word_1_339' title='bbox 1100 2374 1147 2413; x_wconf 89' lang='lat' dir='ltr'><strong>C.</strong></span> <span class='ocrx_word' id='word_1_340' title='bbox 1178 2375 1229 2415; x_wconf 89' lang='lat' dir='ltr'><strong>A.</strong></span> <span class='ocrx_word' id='word_1_341' title='bbox 1260 2374 1363 2413; x_wconf 82' lang='lat' dir='ltr'>haec</span> <span class='ocrx_word' id='word_1_342' title='bbox 1388 2389 1474 2414; x_wconf 87' lang='lat' dir='ltr'>non</span> <span class='ocrx_word' id='word_1_343' title='bbox 1495 2375 1580 2414; x_wconf 85' lang='lat' dir='ltr'><strong>ha·-</strong></span> 
     </span>
     <span class='ocr_line' id='line_1_41' title="bbox 157 2429 1579 2478; baseline -0.004 -5"><span class='ocrx_word' id='word_1_344' title='bbox 157 2435 238 2475; x_wconf 83' lang='lat' dir='ltr'>bet.</span> <span class='ocrx_word' id='word_1_345' title='bbox 270 2436 467 2472; x_wconf 76' lang='lat' dir='ltr'>Platonis</span> <span class='ocrx_word' id='word_1_346' title='bbox 486 2437 603 2473; x_wconf 79' lang='lat' dir='ltr'><strong>locus</strong></span> <span class='ocrx_word' id='word_1_347' title='bbox 627 2442 742 2472; x_wconf 80' lang='lat' dir='ltr'>extat</span> <span class='ocrx_word' id='word_1_348' title='bbox 763 2433 808 2470; x_wconf 87' lang='lat' dir='ltr'>in</span> <span class='ocrx_word' id='word_1_349' title='bbox 836 2430 1040 2476; x_wconf 73' lang='lat' dir='ltr'>Phaedro,</span> <span class='ocrx_word' id='word_1_350' title='bbox 1071 2429 1145 2468; x_wconf 85' lang='lat' dir='ltr'>ubi</span> <span class='ocrx_word' id='word_1_351' title='bbox 1178 2431 1367 2468; x_wconf 74' lang='lat' dir='ltr'>Socrates</span> <span class='ocrx_word' id='word_1_352' title='bbox 1399 2430 1472 2478; x_wconf 77' lang='lat' dir='ltr'>ait,</span> <span class='ocrx_word' id='word_1_353' title='bbox 1505 2435 1579 2473; x_wconf 81' lang='grc' dir='ltr'>αἰ-</span> 
     </span>
     <span class='ocr_line' id='line_1_42' title="bbox 158 2485 1578 2540; baseline -0.004 -8"><span class='ocrx_word' id='word_1_354' title='bbox 158 2492 303 2540; x_wconf 75' lang='grc' dir='ltr'><strong><em>τιῶμαι</em></strong></span> <span class='ocrx_word' id='word_1_355' title='bbox 321 2506 408 2536; x_wconf 84' lang='grc' dir='ltr'><strong><em>τους</em></strong></span> <span class='ocrx_word' id='word_1_356' title='bbox 428 2492 632 2538; x_wconf 74' lang='grc' dir='ltr'><strong><em>ἐντοπίους</em></strong></span> <span class='ocrx_word' id='word_1_357' title='bbox 649 2485 789 2538; x_wconf 78' lang='grc' dir='ltr'><strong><em>θεούς·</em></strong></span> <span class='ocrx_word' id='word_1_358' title='bbox 819 2489 917 2526; x_wconf 75' lang='lat' dir='ltr'>Diis</span> <span class='ocrx_word' id='word_1_359' title='bbox 937 2488 1019 2525; x_wconf 81' lang='lat' dir='ltr'><em>loci</em></span> <span class='ocrx_word' id='word_1_360' title='bbox 1042 2485 1304 2538; x_wconf 71' lang='lat' dir='ltr'>praesidibus</span> <span class='ocrx_word' id='word_1_361' title='bbox 1321 2500 1488 2526; x_wconf 74' lang='lat' dir='ltr'><strong><em>oausam</em></strong></span> <span class='ocrx_word' id='word_1_362' title='bbox 1507 2487 1578 2526; x_wconf 83' lang='lat' dir='ltr'>ad-</span> 
     </span>
    </p>
   </div>
   <div class='ocr_carea' id='block_1_5' title="bbox 157 2546 536 2594">
    <p class='ocr_par' dir='ltr' id='par_1_11' title="bbox 157 2546 536 2594">
     <span class='ocr_line' id='line_1_43' title="bbox 157 2546 536 2594; baseline -0.003 -8"><span class='ocrx_word' id='word_1_363' title='bbox 157 2546 302 2586; x_wconf 72' lang='lat' dir='ltr'><strong>scribo.</strong></span> <span class='ocrx_word' id='word_1_364' title='bbox 362 2547 536 2594; x_wconf 69' lang='lat' dir='ltr'><strong>Kussnn.</strong></span> 
     </span>
    </p>
   </div>
  </div>
 </body>
</html>
