1690 2996
736 47 792 87 X.
849 50 918 92 50.
1436 52 1458 91 1
1467 50 1548 91 428

126 171 260 203 tamen
292 159 433 216 χρῆσιν
462 173 513 198 ex
539 159 740 210 Aeschylo
767 158 995 212 utrobique
1021 157 1241 212 adiungit,
1272 172 1359 198 non
1388 170 1440 197 ex
1471 158 1545 196 So-

120 218 280 270 phocis.
331 218 401 256 De
418 217 546 263 πίλοις
577 216 729 255 statim.
785 213 1082 254 Considerabis
1120 224 1256 253 tamen
1285 228 1336 252 au
1363 213 1544 255 rectius.-

122 274 220 316 εἰδὲ
239 266 400 314 :insinua
415 272 479 312 δεῖ
491 280 570 310 etc.
601 269 706 308 mihi
733 283 817 309 non
837 270 938 308 satis
961 269 1031 309 hic
1053 270 1200 323 liquet.
1256 269 1388 311 Imm.

127 357 133 361 -
229 330 298 368 xa?
315 328 530 368 σανδαλοθ.
561 325 628 367 καὶ
647 325 832 377 πέλωρα.
852 326 872 377 ]
900 326 1106 363 Mutilum
1129 323 1242 364 hunc
1262 335 1360 364 ante
1384 338 1464 364 nos
1481 325 1543 363 lo-

87 425 90 429 ,
120 396 213 423 cnm
242 383 369 423 Mss.
401 395 480 434 ope
514 380 694 434 pristino
722 379 851 420 nitori
887 379 1156 419 reddidimus.
1207 381 1541 434 quotiescunque

120 451 220 478 vero
251 447 334 476 tam
363 437 568 491 elegantia
599 445 725 489 atque
748 434 911 476 erudita
943 435 1123 488 turpiter
1152 435 1276 475 video
1305 434 1540 488 depravata,

118 506 206 536 non
235 507 402 545 possum
429 506 513 530 non
553 491 717 532 illorum
751 489 970 530 hominum
1002 490 1268 543 intemperiae
1288 490 1538 538 abominari,

121 547 197 603 qui
217 562 294 602 pro
312 548 477 602 integro
498 557 620 600 atque
649 560 750 586 sano
776 546 960 586 Pollucis
979 559 1151 598 corpore
1177 545 1411 600 disruptum
1432 544 1474 583 id
1497 554 1539 585 et

119 603 375 653 membratim
395 603 553 642 nefarie
581 601 804 641 dissectum
826 600 945 640 nobis
966 601 1009 639 in
1035 614 1178 640 manus
1201 601 1421 643 tradidere.
1463 600 1539 640 de-

119 667 236 700 erant
251 659 332 698 ista
351 658 396 697 in
422 656 602 711 vulgatis
622 655 902 696 editionibus:
936 661 973 699 οἱ
993 658 1035 698 δι’
1051 655 1210 698 ὑπεῖναι
1231 658 1293 700 δεῖ
1309 653 1440 706 udam,
1473 658 1538 698 ul·

117 719 222 764 λους.
252 727 358 769 quae
374 713 434 752 sic
458 713 547 766 pari
564 726 768 751 consensu
787 711 964 752 Codices
982 726 1105 750 manu
1123 712 1280 751 exarati
1299 726 1398 765 prae
1416 726 1458 751 se
1479 712 1536 751 fe·

116 779 240 819 runt,
269 768 455 822 quamvis
476 769 518 806 in
539 768 647 806 libro
676 766 1000 819 Falckenburgil
1020 767 1334 821 corruptissime
1354 767 1456 806 haec
1477 767 1535 806 ita

186 834 331 864 antur:
358 828 396 866 οἱ
414 826 456 866 δὲ
475 826 598 865 εἰπεῖν
616 825 662 864 αἰ
679 826 718 864 dl
735 826 849 865 ποδοι
867 822 1044 872 ἕπίηλος·
1075 823 1118 861 in
1138 822 1291 876 quibus
1311 833 1445 862 tamen
1469 836 1535 862 ve·

119 880 242 933 stigio
266 892 389 920 verae
407 879 634 931 scripturae
654 881 817 917 elucent
832 893 846 919 .-
875 881 916 920 ol
935 879 977 920 δὲ
986 877 1139 920 ὑπεῖναι
1156 877 1355 922 def-udam
1373 880 1442 920 καὶ
1459 879 1536 919 nl·—

118 939 233 985 λους·
262 933 428 987 plenius
448 937 578 973 altero
600 937 680 982 καῖ,
711 932 824 987 quod
845 933 1045 972 omittunt
1064 934 1205 974 ceteri.
1246 934 1317 973 sed
1340 932 1532 987 equidem

117 989 280 1030 mireris
312 989 556 1039 Inter-preces
586 998 750 1028 nostros
784 989 827 1027 in
857 989 950 1027 istis
978 988 1152 1028 minutis
1179 998 1302 1044 atque
1334 989 1532 1028 facilibus

118 1059 203 1085 uon
222 1044 388 1099 iuquam
409 1044 596 1092 haerere,
624 1043 695 1083 sed
716 1044 823 1091 labi;
851 1044 1082 1084 sollicitant
1106 1043 1215 1083 enim
1239 1047 1426 1083 voculam
1446 1044 1532 1096 pri-

117 1114 222 1144 mam
247 1107 284 1144 οἱ
303 1128 316 1146 ,
346 1100 496 1138 frustra
521 1113 642 1146 sane;
673 1098 716 1137 id
745 1100 854 1139 enim
886 1099 1012 1138 tertio
1041 1113 1135 1138 casu
1168 1099 1348 1151 positum
1376 1099 1530 1138 Atticis

117 1153 393 1209 scriptoribus
421 1155 464 1192 in
492 1168 571 1192 usu
595 1154 805 1207 frequenti
827 1163 914 1194 estt
941 1155 1041 1194 huic
1069 1162 1205 1193 autem
1223 1159 1382 1194 subesse
1402 1156 1528 1194 decet:

116 1224 189 1251 seu
220 1209 386 1263 potius:
412 1219 507 1261 post
532 1210 634 1248 haec
661 1209 811 1248 subiici
838 1219 993 1260 oportet
1023 1208 1166 1259 πόδια,
1203 1213 1343 1260 πίλους
1370 1220 1446 1252 etc.
1477 1209 1529 1248 ad

114 1263 289 1306 eundem
321 1264 521 1303 Dativum
556 1264 722 1318 saepius
752 1263 989 1304 adhaesisse
1018 1266 1060 1304 in
1079 1267 1258 1305 Aeliano
1281 1267 1529 1319 Schefferum

113 1318 268 1360 eruditi
291 1319 646 1359 Commentatores
682 1318 927 1360 docuerunt.
964 1320 1035 1360 sed
1057 1321 1101 1361 in
1126 1335 1175 1360 eo
1195 1321 1361 1376 quidem
1382 1322 1425 1361 id
1445 1322 1528 1360 mi-

113 1389 192 1415 nus
210 1374 357 1415 mirum
378 1374 511 1414 videri
534 1374 678 1423 debet,
706 1375 911 1428 siquidem
934 1375 1004 1414 ille
1025 1376 1118 1423 vir,
1148 1376 1261 1430 quod
1280 1377 1428 1430 utique
1449 1377 1526 1416 do-

113 1429 302 1480 lendum,
329 1429 498 1484 linguae
517 1430 694 1471 Graecae
714 1431 887 1483 eiusque
906 1431 1018 1485 genii
1039 1446 1180 1485 parum
1203 1433 1331 1473 fuerit
1352 1434 1526 1486 peritus.

114 1485 157 1524 in
178 1485 259 1525 hoc
273 1494 408 1525 autem
433 1487 624 1524 Pollucis
648 1486 782 1525 nostri
802 1488 896 1525 loco
916 1500 1000 1525 non
1023 1497 1184 1526 tantum
1210 1487 1253 1527 id
1274 1488 1526 1541 Interpreti-

114 1541 189 1580 bus
212 1540 364 1580 nostris
382 1541 584 1595 contigit,
615 1540 685 1580 sed
709 1551 749 1581 et
772 1541 1033 1581 Doctissimo
1057 1544 1215 1592 Vossio,
1245 1543 1330 1598 qui,
1362 1558 1454 1582 cum
1474 1543 1526 1583 ad

115 1610 315 1635 summum
349 1594 453 1634 illud
486 1595 734 1636 eruditionis
773 1599 911 1636 lumen
950 1598 999 1635 G.
1036 1598 1255 1637 Graculum
1282 1598 1366 1638 loci
1397 1598 1525 1638 huius

113 1650 442 1693 emendationem
481 1665 531 1690 ex
561 1667 637 1691 suo
670 1651 827 1691 Codice
862 1652 1065 1702 mitteret,
1102 1654 1161 1692 sic
1189 1654 1379 1706 scripsit:
1407 1653 1462 1696 ‘A
1484 1654 1526 1696 δὲ

113 1705 272 1749 iimina
287 1707 361 1748 διῖ.
420 1706 527 1747 Vide
545 1709 756 1746 Lectiones
776 1708 1002 1747 Hesiodeas
1018 1708 1162 1748 eximii
1185 1709 1280 1759 viri,
1312 1708 1386 1748 ubi
1406 1711 1524 1763 capi-

113 1763 166 1801 tis
185 1761 308 1801 huius
325 1760 486 1801 residua
508 1763 568 1801 sic
594 1763 735 1808 ferme,
764 1763 827 1801 uti
849 1777 924 1801 nos
943 1763 987 1800 iu
1010 1772 1128 1803 textu
1150 1765 1425 1818 reposuimus,
1453 1780 1523 1806 ex-

111 1816 252 1866 hibuit
291 1818 483 1866 Vossius,
515 1818 657 1871 ibique
686 1817 735 1858 de
770 1820 896 1866 πίλοις
919 1827 959 1858 et
986 1819 1189 1871 πελὺιροις
1217 1835 1301 1860 non
1337 1821 1523 1875 vulgaria

37 1906 41 1911 .
110 1872 302 1926 reperies.
359 1874 467 1912 Mox
496 1883 581 1913 erat
614 1872 786 1923 editum,
813 1874 916 1916 οὕτω
945 1873 1021 1927 γοῖρ
1043 1876 1249 1928 Σοφοκλῆς
1267 1874 1361 1928 τούς
1397 1875 1523 1925 πόδας

111 1927 242 1971 καλεῖ·
273 1941 357 1981 quo
376 1927 486 1967 nihil
507 1928 691 1981 ineptius
710 1929 969 1968 comminisci
987 1941 1199 1984 poterant:
1235 1930 1370 1984 πόδια,
1396 1934 1524 1984 pedu-

111 1984 192 2033 lio,
215 1981 476 2037 ἕνειλῆμματα
505 1987 654 2030 ποδοῖν.
684 1985 803 2038 ἤγουν
831 1987 1032 2037 maculae,
1062 1996 1109 2025 ut
1129 1989 1356 2040 Hesychius
1376 1987 1520 2036 habet.

113 2038 224 2090 quod
245 2039 450 2092 posterius
479 2040 887 2091 interpretamentum
920 2055 940 2079 a
967 2042 1166 2083 Romanis
1186 2053 1417 2095 sumptum,
1449 2044 1521 2097 qui

107 2092 268 2146 fascias
310 2094 574 2147 appellabant
603 2094 704 2134 haec
735 2096 915 2147 pedulia.
966 2098 1131 2136 Nonius
1159 2113 1211 2138 ex
1246 2099 1450 2136 Ciceronis
1477 2099 1519 2136 in

115 2149 296 2188 Clodiam
322 2149 488 2188 adducit
521 2150 621 2191 haec
651 2151 797 2192 verba:
846 2154 951 2191 Tune
982 2167 1107 2204 quum
1137 2156 1390 2191 vincirentur
1408 2155 1522 2204 pedes

109 2202 283 2255 fasciis,
313 2220 435 2259 quum
463 2208 714 2245 calanticam
734 2209 864 2258 capiti
884 2208 1229 2251 accommodares,-
1259 2208 1335 2246 hae
1355 2209 1519 2262 quidem

113 2259 262 2299 fasciae
283 2269 380 2298 sunt
397 2260 586 2312 pedules3
614 2262 718 2300 aliae
736 2263 844 2300 enim
870 2267 1060 2313 crurales,
1091 2263 1296 2316 siquidem
1319 2274 1520 2318 utraeque

114 2315 329 2366 separatim
350 2317 618 2355 nominantur
639 2318 694 2355 D.
730 2318 926 2357 XXXIV.
959 2318 1022 2359 tit.
1057 2330 1094 2358 2.
1134 2319 1309 2357 Fasciae
1342 2323 1519 2359 crurales

111 2368 344 2420 pedulesque
365 2379 402 2408 et
422 2374 588 2422 empilr'a
617 2375 739 2411 vestis
761 2374 845 2411 loco
871 2382 989 2414 sunt:
1020 2368 1139 2415 πόὸια
1163 2373 1328 2426 quidem
1352 2386 1392 2414 et
1412 2379 1521 2418 πῖλοι

115 2422 271 2473 impilia
289 2435 385 2462 sunt
404 2436 443 2464 et
460 2428 609 2466 fasciae
627 2427 987 2479 pedttles‚m'l11r9a
1008 2443 1105 2468 vero
1127 2429 1269 2481 potius
1293 2430 1518 2484 intelligam

118 2476 166 2516 de
190 2478 327 2518 fasciis
359 2483 599 2522 cruralibus.
640 2484 770 2522 simili
798 2487 1118 2523 velamentorum
1156 2485 1371 2527 involucro
1401 2502 1518 2526 crura
