1656 2976
714 114 771 155 X.
830 118 921 159 143.
1448 120 1563 161 1739

125 230 206 270 iem
225 236 368 269 noster
386 227 553 268 Seberus
573 240 743 267 monere
769 225 951 268 videtur.
988 227 1050 267 sic
1077 241 1200 280 supra
1226 228 1264 277 1,
1305 224 1399 269 156.
1428 224 1563 282 λόγχη,

123 283 266 339 ξυστόν
282 284 361 337 (ita
384 284 497 324 enim
515 283 610 325 MS.
631 281 792 337 noster)
813 281 1006 326 ἀκόντιον.
1062 283 1188 324 Iuno.

234 338 366 393 ξεστᾰ]
396 340 544 379 Veram
563 338 686 381 MSS.
708 340 933 379 lectionem
953 352 1053 392 prae
1073 353 1115 379 se
1133 339 1276 380 ferunt
1294 337 1430 390 ξυστοῖ,
1454 352 1562 394 quae

124 411 210 438 non
231 397 391 451 poterit
412 395 619 450 ignorare,
654 394 727 449 qui
748 403 934 434 veterum
966 394 1129 434 evolvit
1158 386 1441 435 monumenta.
1470 397 1560 434 Ar-

126 456 238 494 rian.
259 451 310 492 de
326 451 478 504 Exped.
495 451 617 491 Alex.
638 450 712 490 lib.
734 450 769 489 Ι.
792 464 881 504 cap.
910 449 971 491 16.
991 450 1225 491 Alexandri
1245 450 1400 490 milites
1419 451 1558 500 refert,

123 523 220 551 ‚eum
250 506 446 548 adversus
476 506 621 546 Persas
650 505 909 546 decertarent
939 515 1112 559 propter
1141 505 1381 556 Granicum,
1411 509 1561 557 ξυστοῖς

124 567 344 619 κρανεΐνοις
363 559 465 616 πρδς
479 559 610 604 nain?
626 574 856 616 pugnasse;
889 560 940 600 ad
963 575 1080 617 quem
1113 563 1251 600 locum
1286 562 1561 615 praestantis-

125 622 254 661 simu·
283 618 514 659 Gronovius
538 616 725 657 ostendit
748 614 871 668 ξυσιοῖ
899 617 1123 670 praecipue
1156 616 1288 657 fuisse
1319 631 1450 670 genus
1490 631 1552 656 ar-

123 689 300 723 morum,
330 688 416 728 quo
433 673 624 714 cominus
646 672 809 712 hostem
837 682 1039 726 peterent.
1066 686 1160 712 eum
1189 671 1251 711 ibi
1280 672 1378 713 vide
1409 674 1480 723 sis,
1510 682 1559 712 nt

123 741 167 773 ot
189 729 243 771 do
266 730 443 783 παλτοῖς,
469 742 578 784 quse
602 742 706 768 mox
733 737 775 769 et
801 727 912 782 apud
940 729 1160 770 Pollucem.
1195 723 1395 781 Κᾶμακας
1432 728 1559 769 habet

123 785 330 828 Leonidas
348 786 480 826 Anth.
500 783 576 825 lib.
603 784 640 823 1.
661 798 751 836 cap.
781 782 1086 827 5.-ἅκλαστοι
1109 783 1152 826 δ’
1177 789 1222 826 αἱ
1250 787 1448 837 zandapa-2
1475 781 1559 827 κά·-

125 857 272 899 μακες·
300 841 599 894 Aristophane.
619 839 664 878 in
685 839 948 880 Holcadibm
970 838 1089 892 ξυστή
1106 837 1247 894 κατ’μαξ.
1303 840 1354 880 ln
1378 854 1559 894 sequen-

125 898 239 939 tibus
254 897 410 951 pluries
440 895 640 936 omiserat
672 895 845 950 pigritia
877 896 1142 936 librariorum
1175 895 1420 949 particulam
1450 909 1559 936 con-

126 955 385 1008 iungentem,
413 964 548 1007 quem,
575 951 639 990 uti
659 950 846 1002 decebat,
887 965 911 992 e
942 950 1068 994 MSS.
1097 949 1276 990 reddidi.
1333 951 1448 991 Inter
1475 952 1556 991 alia

128 1023 225 1050 mox
246 1016 511 1048 recensentur
531 1009 691 1053 σαυνία,
732 1020 839 1059 quae
865 1006 1060 1046 Cratinus
1080 1006 1319 1047 adhibuerit
1335 1020 1457 1048 sensu
1472 1016 1557 1046 tur»

127 1066 273 1120 piculo
294 1061 343 1103 de
368 1061 549 1102 membro
578 1062 710 1102 virili.
741 1061 826 1102 huo
854 1072 1016 1116 spectat
1046 1062 1247 1113 Hesychia·
1277 1065 1419 1103 locus:
1450 1067 1558 1106 Σαυ·

125 1124 239 1166 νίονι
275 1115 457 1162 ἀκόντιον
472 1116 723 1172 βαρβαρικόν
741 1119 806 1161 καὶ
835 1115 1017 1171 σαθρόν·
1055 1115 1224 1172 χαῦνον,
1262 1116 1431 1167 ἇσθενὶς
1448 1115 1560 1170 παρά

125 1176 329 1230 Κρατίνῳ·
360 1174 512 1215 vitium
538 1174 582 1212 in
606 1173 687 1214 hoc
719 1176 816 1214 loco
844 1175 1060 1228 perspexit
1086 1176 1330 1213 Briesom‘us
1357 1173 1407 1214 de
1425 1174 1555 1226 Regu.

126 1235 243 1273 Pers.
269 1229 408 1284 priora
427 1238 588 1269 tantum
610 1229 734 1269 verba
755 1229 950 1282 posuisse
970 1238 1195 1269 contentus
1213 1243 1236 1269 a
1257 1229 1405 1272 ceteris
1421 1229 1558 1270 absti-

126 1287 223 1328 nuit
241 1299 420 1326 manum.
449 1283 521 1324 sed
534 1298 578 1324 re
594 1283 696 1325 bene
717 1298 918 1338 perpensa
936 1284 1107 1323 dubium
1123 1297 1211 1324 ease
1229 1285 1378 1340 nequit
1401 1299 1453 1327 ex
1478 1298 1558 1324 no-

124 1352 212 1384 stro
237 1342 421 1390 Polluce,
451 1340 553 1395 quin
576 1339 687 1394 napo?
704 1343 887 1394 Κρατίνῳ
915 1339 1177 1380 referendum
1205 1339 1262 1379 sit
1290 1339 1343 1379 ad
1368 1342 1555 1390 Σαυνιόν,

127 1411 213 1453 quo
230 1411 329 1438 sane
348 1393 458 1435 nihil
478 1396 662 1449 pertinet
677 1394 726 1438 ro=
742 1394 923 1449 σαθρόν
952 1396 1107 1436 etenim
1135 1395 1333 1434 Cratinus
1355 1395 1412 1435 ita
1431 1395 1557 1436 dixe-

127 1463 192 1495 rat
210 1451 256 1496 ni
284 1451 464 1507 ἀνδρεῖον
482 1453 645 1498 αἰδοῖον,
670 1450 786 1506 quod
805 1461 941 1491 tamen
967 1451 1011 1490 in
1028 1451 1223 1503 Hesychia·
1241 1451 1392 1505 verbis,
1421 1461 1558 1491 reten-

126 1519 190 1561 ta,
237 1521 343 1564 quae
378 1507 541 1558 editur,
580 1507 808 1560 scriptura,
850 1507 1020 1547 minime
1058 1516 1244 1559 apparet.
1282 1507 1384 1546 faxo
1417 1516 1555 1547 tamen

125 1563 419 1606 emendatione
439 1575 528 1602 mea
558 1572 607 1602 ut
640 1562 737 1602 illae
757 1562 952 1603 tenebrae
974 1561 1247 1615 dissipentur.
1276 1562 1383 1601 illud
1399 1561 1558 1614 σαθρόν

128 1620 285 1670 statim,
321 1627 370 1657 ut
394 1618 493 1671 legi,
532 1617 576 1656 in
603 1617 840 1657 memoriam
875 1617 1052 1658 reduxit
1082 1616 1243 1667 πάθην.
1282 1619 1348 1657 vel
1378 1619 1557 1668 σαθῶνα,

130 1675 305 1717 caudam
322 1674 502 1713 virilem:
531 1674 754 1727 legendum
791 1673 941 1727 igitur:
970 1675 1160 1719 Σαυνίον,
1200 1665 1265 1714 oin.
1283 1677 1324 1725 β.
1352 1676 1421 1715 καὶ
1446 1671 1556 1724 odim

129 1733 199 1771 vel
219 1723 362 1774 σαθαῖν
382 1726 491 1781 παρά
512 1735 588 1783 Κρ.
618 1730 764 1767 malam
788 1728 1034 1781 scripturam
1061 1726 1217 1781 σαθρόν
1238 1742 1331 1767 cum
1367 1729 1460 1782 quis
1488 1743 1559 1768 re-

128 1785 320 1840 perisset,
348 1782 512 1824 addidit
533 1783 842 1838 expositionem
872 1792 1091 1837 corruptae
1121 1783 1239 1824 vocis
1260 1793 1432 1848 praeter
1457 1796 1557 1826 rern-

129 1841 233 1896 quin
257 1850 299 1880 et
319 1840 399 1879 alia
425 1848 561 1878 tamen
593 1839 757 1879 ratione
785 1850 908 1879 voees
943 1838 1042 1878 illae
1067 1838 1118 1878 ab
1146 1840 1323 1879 interitu
1349 1838 1559 1879 vindicari

129 1905 318 1951 possunt.
346 1896 572 1950 praecessit
589 1895 635 1934 in
655 1895 863 1949 Hesychio
880 1903 977 1935 ante
994 1896 1186 1938 ΣαυνΙον·
1217 1892 1373 1944 Σαυνᾰ,
1404 1892 1558 1937 ἁπαλά·

160 1965 238 1992 uae
255 1965 340 1992 vox
360 1951 440 1991 etsi
455 1949 625 1990 aliunde
641 1948 748 1991 mihi
771 1964 856 1990 non
881 1949 937 1989 sit
955 1960 1071 2001 nota,
1098 1951 1283 2005 genuina
1323 1959 1457 1990 tamen
1489 1951 1560 1990 vi-

130 1966 269 2056 aetat,
297 2005 521 2059 eademque
543 2006 672 2046 ferme
695 2019 788 2045 cum
807 2005 963 2056 σαυλός,
995 2020 1100 2059 quae
1122 2016 1164 2047 et
1190 2006 1235 2045 in
1254 2006 1460 2059 Hesychio
1479 2016 1557 2054 est,

131 2072 174 2103 et
192 2063 235 2102 in
256 2062 554 2114 Aristophanis
576 2063 912 2116 σαυλοπρωκτιᾷν,
943 2061 1017 2100 ubi
1040 2059 1296 2103 scholiastes
1319 2062 1464 2113 κοῦφος
1481 2075 1561 2101 ex-

129 2118 266 2172 ponit.
295 2118 439 2171 ituque
455 2127 554 2170 post
582 2119 744 2160 σαυνίου
775 2117 1099 2170 explicationem
1133 2117 1249 2170 sequi
1285 2126 1424 2170 potest
1444 2123 1561 2159 Σαυ-

132 2171 211 2220 univ,
231 2173 394 2229 χαῦνον,
412 2171 593 2222 ἀσθενὲς.
618 2186 724 2227 quae
745 2187 838 2212 cum
856 2172 1068 2225 prioribus
1089 2171 1284 2212 confudit
1294 2181 1364 2210 aut
1377 2171 1465 2228 ipsa
1478 2175 1561 2211 He-

132 2229 264 2283 sychii
280 2228 539 2283 negligentia
560 2238 632 2268 aut
651 2228 822 2269 alterius
843 2227 1021 2267 alicuius
1042 2227 1206 2266 indocti
1223 2227 1392 2266 lectoris
1402 2227 1559 2267 aberra-

132 2284 211 2325 tio.
231 2284 485 2325 arbitrentur
502 2283 659 2324 eruditi
669 2284 766 2324 viri.
780 2283 1005 2323 Menandri
1011 2281 1302 2323 verme—0¹56?
1312 2280 1428 2337 ἔγωγ’
1442 2283 1490 2325 ἄν
1500 2289 1562 2326 εἰ·

133 2337 255 2393 idum
272 2344 366 2382 Που
385 2340 535 2394 σαυνίῳ
554 2340 890 2394 πεπληγμε’νος-.
918 2338 1073 2377 Fabula
1098 2352 1197 2378 vero
1222 2340 1447 2377 Menandri
1465 2343 1562 2392 ple-

135 2409 224 2434 rum
253 2410 305 2435 ue
335 2393 579 2448 Φιλάδελφοι
618 2395 727 2448 apud
758 2397 970 2434 Pollucem
1003 2403 1190 2432 nostrum
1221 2402 1263 2432 et
1289 2395 1561 2436 Athenaeum.

136 2451 209 2504 qui
260 2450 448 2504 titoque,
479 2460 526 2490 ut
548 2450 630 2490 hoc
660 2453 757 2490 loco
782 2451 1032 2501 Φιλαδέλᾳας
1054 2450 1205 2487 Pollux
1231 2450 1446 2501 appellet?
1479 2465 1564 2490 no-

136 2513 251 2545 tante
268 2505 392 2546 etiam
413 2507 657 2546 casaubono
677 2505 759 2549 XI.
786 2519 876 2558 cap.
902 2517 964 2546 10.
979 2507 1123 2545 Anim.
1150 2504 1200 2543 ad
1223 2505 1374 2544 Athen.
1398 2506 1564 2548 eMSS.

136 2568 272 2600 autem
292 2559 400 2600 nihil
420 2562 627 2603 adnotant
659 2561 879 2602 varietatis
902 2561 1258 2601 commentatores
1288 2561 1437 2614 nostri,
1467 2576 1566 2602 con-

1090 2626 1237 2666 Sssss
1267 2631 1293 2670 2
