1690 2996
798 182 852 226 X.
910 186 976 225 60.
1492 183 1595 223 1461

283 291 507 348 Ἀθήνῃσιν
524 292 567 336 δὲ
583 291 652 336 τόν
672 291 771 348 ὑπὲρ
789 289 929 346 ὖδρίου
946 294 1004 346 τ.]
1043 291 1132 334 MS.
1147 290 1374 350 Ἀθήνῃσιν
1392 289 1432 334 ’δὲ
1449 285 1503 347 ἦν
1520 289 1601 332 151³-

182 351 387 404 εροδρείου
405 348 525 400 τινὸς,
553 347 653 392 ὅπου
671 346 782 402 ὕδωρ
805 351 1013 402 ἐπεξεχεῖτο
1036 365 1078 390 π.
1136 349 1189 388 Et
1208 344 1428 402 legendum
1449 346 1498 387 ad
1509 345 1600 388 MS.

177 406 427 459 'scripturam
446 415 573 458 puto:
597 401 802 462 Ἀθήνῃσι
821 405 864 446 δὲ
883 400 935 458 ἦν
950 401 1048 456 ὑπὲρ
1070 401 1234 458 ὗδρείου
1251 402 1358 452 τινός
1371 401 1474 446 ὅπου
1492 402 1599 456 ὕδωρ

172 459 405 516 ’διεξεχεῖτω
432 463 585 514 ποίημα
601 462 666 502 καὶ
686 471 765 502 etc.
800 469 910 499 certe
931 463 1145 514 vulgatum
1165 459 1237 513 τήν
1255 458 1497 499 mendosum
1525 469 1600 499 est.

173 513 234 573 ’ἦν
253 517 376 558 etiam
396 515 440 555 in
461 516 563 557 edit,
583 516 693 555 Flor.
721 525 830 555 recte
851 515 1007 555 editum
1030 524 1104 555 est.
1162 521 1266 556 Iunc.

289 569 488 644 Ἀθήνῃσι
508 573 549 614 δὲ
567 571 638 614 τὸν
657 571 763 624 etc.]
803 571 965 610 Locum
992 569 1105 609 huno
1137 570 1188 610 ad
1218 569 1337 610 MSS.
1359 568 1600 610 emendavi:

177 625 254 682 “sti''
274 641 349 681 pro
367 642 419 683 ην
439 627 524 666 fuit
543 637 639 668 ante
667 640 743 666 nos
770 627 813 664 in
843 635 975 668 textu.
1021 623 1160 680 ὖδρίου
1179 625 1332 664 scribas
1356 639 1406 664 an
1424 623 1602 679 ὖδρείου,

179 693 325 738 parum
343 683 493 736 refert,
519 682 730 737 posterius
747 690 894 732 tamen,
908 679 1021 735 quod
1042 681 1102 720 ita
1121 682 1244 721 MSS.
1261 681 1471 730 haberent,
1490 694 1602 734 prae·

181 739 288 833 tKuli:
325 739 554 793 ἐπεξεχεῖτο,
585 751 662 793 pro
691 739 856 792 ἐπεχεῖτο
883 747 1131 791 apposuerat
1153 735 1323 778 Codicis
1341 736 1406 775 sui
1425 735 1604 791 margini

222 794 407 836 uehniue.

296 846 529 905 ἆναλόγιον]
566 848 663 891 MS.
682 848 833 889 iterum
852 845 1111 905 ἄναλογεῖον·
1139 858 1188 889 ut
1208 846 1334 889 scribi
1351 858 1392 888 et
1409 847 1481 888 bic
1503 856 1607 902 pot-

185 907 263 953 est,
294 918 392 944 sane
407 905 444 944 si
470 903 595 943 modo
616 904 659 943 id
679 905 888 956 receperis.
946 910 1053 945 Iunc.

297 956 531 1014 ἇναλόγιον]
559 958 676 1000 Bene
695 973 811 999 vero.
841 958 911 999 sed
929 960 1050 1002 MSS.
1073 960 1192 1013 sequi
1210 959 1354 1013 potius
1368 961 1604 999 consultum

189 1014 316 1064 duxi,
348 1016 421 1070 qui
449 1012 677 1070 α’ναλογεῖον
704 1024 744 1054 et
770 1013 844 1053 hic
873 1024 915 1054 et
947 1015 990 1053 in
1013 1016 1203 1068 proximo
1230 1017 1326 1054 loco
1356 1025 1604 1069 agnoscunt&

188 1067 402 1126 ἆναὶόγιον
421 1080 557 1110 tamen
585 1070 629 1108 in
651 1071 873 1109 Philoxeni
885 1070 1059 1119 Glossis,
1079 1070 1387 1123 exponiturque
1398 1062 1604 1111 manuale.

189 1125 288 1179 Ipsa
319 1125 370 1166 de
399 1138 442 1166 re
463 1124 572 1164 nihil
598 1126 776 1179 amplius
802 1124 903 1164 alibi
926 1125 1074 1180 legisse
1103 1126 1332 1176 succurrit,
1365 1139 1483 1179 quam
1501 1140 1606 1180 quae

186 1179 315 1220 tradit
336 1182 491 1220 Auctor
510 1189 649 1221 noster
662 1211 672 1222 .
702 1190 743 1220 et
760 1180 886 1231 alibi,
916 1194 1062 1235 spero,
1092 1179 1143 1221 de
1160 1183 1372 1240 Διογενείῳ
1393 1176 1607 1240 ἆναλογείφ

184 1237 303 1290 plura
328 1235 546 1277 docebant.
1381 1246 1384 1250 ·

294 1288 509 1343 Ἐρατοσθ.
530 1292 572 1334 ἓν
583 1296 666 1340 τοῖς
680 1291 769 1345 περὶ
788 1293 1022 1345 Κωμῳδίας]
1052 1293 1292 1331 Athenaeus
1304 1291 1446 1332 laudat
1456 1291 1607 1332 librum

180 1344 265 1387 XI.
294 1345 575 1386 Eratosthenis
590 1348 678 1399 περὶ
701 1349 919 1400 Κωμῳδίας
938 1346 1012 1388 lib.
1030 1346 1108 1389 XI.
1127 1362 1160 1387 c.
1186 1348 1244 1390 14.
1300 1354 1443 1387 xum.

295 1398 512 1455 Ἐρατοσθ.
533 1403 576 1444 ἐν
595 1408 677 1451 τοῖς
693 1418 736 1443 π.
761 1407 897 1456 Κωμ.]
927 1403 1098 1443 Nullum
1118 1417 1205 1442 non
1228 1402 1480 1443 eruditionis
1501 1403 1609 1442 anti-

192 1470 296 1512 quae
315 1469 446 1512 genus
468 1457 662 1512 attigerat
683 1456 793 1496 haud
814 1472 1120 1511 supervacaneo
1146 1458 1285 1498 labore
1305 1459 1369 1498 vir
1386 1458 1457 1498 hie
1477 1458 1609 1498 undi-

192 1526 355 1567 quaque
372 1511 647 1552 doctissimus.
691 1512 816 1552 huius
834 1514 975 1570 itaque
993 1513 1154 1569 ingenii
1173 1524 1436 1554 monumenta
1455 1515 1608 1568 passim

191 1563 404 1608 adducunt
427 1567 706 1607 Grammatici
718 1578 890 1616 veteres,
909 1583 1083 1623 quorum
1107 1579 1243 1608 tamen
1263 1584 1431 1609 munere
1451 1572 1609 1610 factum

194 1623 495 1677 adgnoscimus,
516 1634 563 1663 ut
583 1626 751 1664 illorum
772 1624 880 1663 nihil
899 1625 1026 1665 ferme
1038 1625 1258 1679 quicquam
1277 1625 1328 1663 ad
1342 1635 1503 1664 nostras
1516 1636 1612 1678 per-

194 1677 357 1718 venerit
382 1691 550 1731 manus,-
587 1678 793 1733 siquidem
821 1693 872 1719 ex
897 1679 980 1720 hoc
1010 1681 1130 1720 fonte
1160 1695 1250 1719 cum
1278 1694 1350 1719 sua
1377 1680 1611 1721 derivarent

195 1733 394 1785 certatim,
423 1734 560 1775 utillo
582 1735 718 1774 minus
742 1749 847 1786 opus
867 1745 972 1774 esset
989 1735 1230 1786 effecerunt,
1255 1735 1368 1789 quod
1387 1750 1450 1777 me
1470 1735 1611 1777 iudice

196 1789 281 1828 fnit
296 1788 338 1827 in
360 1798 495 1840 eausa,
523 1800 573 1830 ut
592 1791 726 1844 ipsius
746 1792 1030 1830 Eratosthenis
1048 1792 1199 1844 scripta
1223 1791 1346 1831 cedro
1366 1791 1610 1846 dignissima

193 1843 350 1898 posteri
371 1846 651 1900 negligentius
671 1845 908 1896 habuerint,
942 1857 1067 1900 atque
1089 1847 1258 1886 interire
1276 1847 1360 1885 sint
1380 1849 1498 1896 passi.
1558 1847 1611 1888 In

194 1899 286 1938 istis
305 1913 498 1954 perquam
520 1902 698 1941 celebres
718 1911 817 1940 sunt
837 1901 886 1941 de
910 1900 1131 1942 Comoedia
1161 1902 1278 1952 libri,
1309 1902 1460 1956 quibus
1490 1904 1610 1943 illum

187 1953 245 1994 ‘de
271 1964 446 2009 utraque
471 1955 713 2009 Comoedia,
731 1957 863 1996 veteri
884 1966 926 1996 et
945 1971 1069 2009 nova,
1089 1967 1280 2011 putamus
1299 1959 1449 2012 egisse,
1482 1973 1613 2012 eaque

196 2006 249 2049 de
277 2020 397 2050 eausa
424 2025 545 2065 saepe
574 2013 695 2051 citari
724 2012 893 2051 solitum
919 2014 1233 2052 Eratosthenem
1259 2028 1280 2053 a
1312 2014 1613 2053 Grammaticis

185 2065 282 2119 ’περὶ
299 2063 460 2120 ἀρχαίας
476 2070 730 2119 Κωμῳδίαις,
768 2067 878 2120 quod
901 2078 941 2107 et
963 2067 1012 2107 de
1037 2078 1146 2109 nova
1169 2069 1337 2123 scriptis
1358 2069 1610 2110 tradidisset.

194 2130 331 2174 neque
349 2130 509 2161 tantum
529 2123 589 2161 ibi
608 2124 652 2162 in
674 2123 784 2162 illam
807 2123 1000 2163 incubuit
1022 2139 1183 2175 curam,
1213 2135 1259 2163 ut
1285 2134 1524 2178 argumenta
1545 2126 1614 2163 fa-

191 2173 382 2229 -bularnm
411 2188 740 2233 persequeretur,
781 2192 945 2233 quoque
973 2178 1150 2220 docente
1174 2180 1354 2219 fuissent
1380 2179 1423 2218 in
1450 2193 1612 2220 scenam

199 2225 330 2282 datae,
348 2231 418 2272 sed
441 2243 482 2273 et
500 2231 550 2274 de
571 2233 745 2273 vocibus
762 2234 804 2272 in
830 2234 1056 2274 Comoedia
1076 2236 1206 2274 veteri
1231 2234 1445 2286 obsoletis,
1469 2249 1614 2288 quem-

190 2298 278 2341 ·qne
296 2288 514 2327 tenuerint
543 2289 587 2327 in
617 2290 740 2328 novis
777 2288 981 2344 fingendis
1010 2289 1175 2328 modum
1198 2289 1385 2341 antiqui,
1415 2292 1613 2342 exposuit

200 2340 372 2384 abunde.
402 2343 498 2383 vide
519 2344 673 2383 Galeni
690 2344 987 2397 praefationem
1009 2345 1060 2384 ad
1082 2345 1251 2383 Glossas·
1271 2347 1610 2398 Hippocratis-as,

201 2394 276 2434 u'bi
298 2398 484 2438 meminit
498 2399 608 2438 illam
631 2412 728 2440 rem.
758 2401 888 2453 petita
915 2414 1077 2454 quoque
1101 2414 1155 2438 ex
1175 2400 1490 2440 Commentariis
1504 2401 1612 2455 istis,

192 2458 309 2503 'qtae
325 2453 368 2490 in
391 2456 519 2494 altero
541 2457 672 2493 Pacis
695 2456 991 2507 Aristophanis
1010 2456 1260 2506 Argumenta
1277 2457 1484 2510 leguntur.
1542 2459 1613 2498 Se-

195 2506 405 2557 *quebatur
421 2508 464 2547 in
484 2511 665 2564 vulgatis
688 2508 741 2559 ὥς
757 2512 830 2564 ἔχει
848 2511 930 2563 μὲν,
953 2510 1052 2548 satis
1074 2511 1214 2562 inepte
1238 2510 1288 2550 ad
1306 2525 1482 2552 sensum.
1507 2512 1613 2554 bene

205 2558 328 2600 MSS.
351 2563 518 2616 ἔχοιμεν·
558 2566 619 2603 sic
647 2567 783 2604 textui
805 2564 983 2606 reddidi.
1024 2566 1210 2620 quamvis
1234 2581 1256 2606 e
1280 2567 1469 2622 vestigiis
1488 2567 1611 2608 istius

197 2616 396 2657 iectionis
427 2629 583 2660 struere
609 2620 752 2662 liceret
777 2623 877 2676 ἔχοις
899 2620 970 2676 μὲν
983 2647 998 2668 ,
1036 2630 1164 2674 prout
1189 2622 1378 2677 sequitur
1402 2620 1535 2679 εὕροις
1562 2622 1613 2667 ἄν
