1716 3016
164 126 167 130 ’
220 129 302 170 942
826 125 906 168 lx.
962 129 1030 171 49.

226 237 291 331 ital
305 235 457 292 ανδηρα
481 239 689 291 ποταμῶν’
719 239 927 291 margines
939 239 1179 289 flaviarum,
1212 235 1340 291 ripae,
1364 246 1525 292 portus,
1544 252 1626 292 por

227 301 271 332 tu
291 308 338 332 ae
355 300 627 336 etc.Km÷·.1m.

337 350 415 391 ἔστι
437 345 518 391 δὲ’
494 367 520 417 ⁹2
537 348 680 401 ψαλὶς]
710 347 798 390 MS.
823 350 901 392 ἐστὶ
921 349 963 392 δὲ
982 350 1048 392 καὶ
1063 360 1113 403 ψ.
1169 354 1248 388 Sm-

338 406 415 446 ἔστι
436 406 476 447 δὲ
494 422 520 456 η
535 404 683 456 ψαλὶς]
716 403 761 443 C.
785 404 836 446 A.
851 404 1010 445 omittit
1026 424 1052 459 η
1072 414 1114 445 et
1135 414 1231 458 post
1249 400 1558 458 οἰκοδομήματος
1572 406 1647 444 So·

228 461 391 525 phoclis
414 462 691 513 Platonisque
719 458 851 515 ῥήσεις
877 474 1010 514 usque
1036 460 1088 500 ad
1108 465 1239 515 μεροῖν
1258 463 1341 502 καί·
1371 459 1561 514 adeoque
1578 475 1648 500 se·-

232 510 376 570 quitur
401 514 732 569 οἰκοδομήματος,
762 517 890 571 λέσχαι
907 521 1084 566 πιθοῖνες
1108 525 1188 556 etc.
1229 515 1279 558 C.
1308 516 1358 557 V.
1379 516 1458 559 ἔστι
1478 517 1519 559 δὲ
1537 512 1648 559 noei‘
1618 534 1647 570 η

231 573 363 624 ψαλίς.
416 579 569 614 Kanna.

342 628 420 669 ἔστι
434 624 517 669 δὲ’
490 645 517 681 η
540 627 679 680 ψαλῖς]
709 628 803 670 Μ8.’
833 629 1018 681 ψαλίδες
1047 629 1125 670 ἔστι
1143 626 1184 669 δὲ
1208 628 1276 670 καὶ
1290 627 1436 678 ψαλλὶς
1453 632 1544 680 (per
1563 623 1647 667 duo

233 687 276 724 λλ
295 682 381 732 hic)
402 697 493 722 eum
509 683 721 734 Sophoclis
737 684 946 723 versiculo
970 682 1132 725 desunt.
1189 683 1442 736 Hesychius:
1470 684 1648 734 ψαλίδες,

234 735 374 804 α’ψίδες
390 742 466 780 τῶν
474 737 659 780 στύλων·
687 741 819 791 ψαλῖς,
851 737 894 781 τό
916 755 1097 792 αρμενον,
1127 738 1194 780 καὶ
1214 737 1372 792 καμάρα
1389 746 1467 778 ete.
1496 739 1650 778 Memi-

235 795 300 833 nit
329 794 542 846 Sophoclis·
575 794 859 834 Lacaenarum
893 794 994 833 hinc
1026 804 1068 835 et
1101 794 1363 833 casaubonus
1397 802 1541 844 noster
1569 807 1651 835 vn.

232 850 384 889 athen.
408 848 448 890 4.
477 850 689 900 Sophoclis
715 864 898 897 versum,
928 850 992 901 (in
1011 849 1162 903 quibus
1184 859 1303 890 antea
1325 847 1497 902 ψαλίδαν
1514 848 1652 888 adhuc

235 905 470 959 corruptius
490 905 755 959 legebatur)
743 914 802 944 xta
828 904 1134 946 emendavitII.
1153 904 1416 956 Stephanae
1405 918 1452 944 ιιι
1474 918 1552 946 suo
1572 904 1651 944 Co·

236 959 353 1002 dice:

449 1014 590 1067 στενὴν
608 1013 651 1059 δ’
673 1017 795 1069 ἔδειμε
814 1017 975 1069 ψαλίδα,
1003 1011 1107 1057 κούκ
1129 1012 1372 1070 ἆβᾶρβαρον.

238 1071 476 1125 Quamvis
464 1087 508 1111 ιιι
535 1072 625 1112 eius
648 1071 844 1111 thesauro
867 1070 1013 1111 edatur
1029 1071 1162 1125 ἔδειμε
1176 1069 1335 1110 duabus
1350 1070 1541 1113 vocibus.
1570 1070 1655 1112 Sed

237 1141 329 1165 eum
346 1129 494 1178 ἔδειμεν
513 1126 618 1167 mihi
636 1127 851 1181 scripsisse
870 1088 1143 1181 persuadeo?
1151 1126 1264 1181 quod
1283 1135 1369 1179 est,
1398 1127 1492 1166 aed
1481 1127 1652 1177 ficamt

237 1186 452 1222 exstruxit.
507 1190 610 1224 Imm.

345 1239 548 1308 *ἔδυμεν]
578 1238 685 1291 Sy!b.
710 1240 790 1306 leg.
811 1238 888 1279 ἔδει
906 1247 1044 1291 μεψ.
1075 1242 1155 1276 San.

348 1290 444 1336 ἄλλα
458 1293 563 1348 μὴν
553 1295 620 1335 καὶ
638 1290 808 1334 Πλάτων
833 1301 910 1332 etc.
922 1294 936 1345 ]
973 1293 1198 1346 Sequentia
1227 1291 1413 1332 desunt⁰
1398 1307 1444 1331 ιιι
1463 1292 1556 1334 MS.
1579 1305 1655 1330 us-

241 1362 323 1403 que
341 1349 392 1388 nd
415 1350 459 1392 ἐκ
481 1351 523 1392 δὲ
540 1366 619 1390 των
641 1366 672 1390 τ.
692 1365 733 1389 π.
752 1347 864 1388 unde
881 1347 972 1389 MS.
1001 1362 1140 1387 rursus
1169 1348 1321 1401 pergit.
1376 1348 1538 1387 Priores
1563 1347 1658 1388 edi-

241 1405 376 1445 tiones
395 1405 574 1470 pessime
599 1404 703 1444 haee
726 1412 983 1456 acceperant.
1019 1413 1069 1442 ut
1087 1403 1220 1444 edidit
1236 1403 1404 1443 seberus
1422 1412 1575 1453 noster,
1597 1403 1658 1443 ita

240 1460 427 1500 restituit
456 1463 514 1500 H.
541 1460 773 1512 Stephanus
804 1459 850 1496 in
883 1473 959 1498 suo
993 1458 1178 1508 Codice,
1211 1468 1386 1513 excepto
1405 1460 1656 1514 ἐργασμένην.

240 1516 419 1564 Locum,
452 1530 572 1570 quem
593 1527 760 1571 quoque
782 1513 990 1554 indicavit
1007 1517 1066 1554 H.
1092 1516 1337 1566 Stephanus,
1367 1514 1484 1554 lubet
1502 1513 1660 1554 adscri-

220 1571 350 1622 .bere‚
379 1571 622 1624 praesertim
643 1585 767 1624 quum
791 1579 832 1609 et
849 1569 988 1608 mihi·
976 1584 1020 1609 ιιι
1040 1580 1236 1639 promptu
1254 1570 1537 1619 sit,1ib.x11.
1568 1570 1660 1611 Le-

243 1641 354 1680 gum,
385 1629 512 1680 paulo
535 1626 705 1696 longius
720 1625 770 1663 ab
788 1625 941 1664 initio.
970 1624 1105 1679 θηκην
1124 1623 1207 1668 δὲ
1182 1625 1260 1668 υπὸ
1283 1630 1357 1681 γῆς
1378 1623 1512 1674 αυτοῖς
1534 1627 1659 1682 εἰργα-

243 1684 386 1735 σμένην
411 1682 530 1732 εἶναι,
561 1680 687 1735 ἆψῖδα
702 1697 915 1750 προμηκη,
946 1684 1072 1723 λίθων
1095 1684 1315 1736 προτίμων,
1344 1683 1408 1723 καὶ
1433 1679 1591 1736 ἀγήρων
1606 1684 1661 1731 εἰς

243 1738 438 1790 δύναμιν’
425 1741 588 1792 ε’χουσαν
604 1739 739 1786 κλίνας
763 1733 862 1791 παρ’
891 1735 1058 1790 αλλήλας
1083 1740 1240 1787 λιθίνας
1258 1739 1448 1791 κειμένας.
1502 1737 1660 1778 Annon

244 1795 387 1846 itaque
414 1803 456 1834 et
485 1792 596 1847 apud
623 1793 832 1833 Platonem
852 1795 1001 1845 ψαλίδα
1027 1792 1368 1833 rescribendum?
1398 1791 1472 1834 Sic
1489 1801 1593 1846 puto
1617 1801 1661 1832 et

244 1848 371 1901 ἆψίδα
398 1863 486 1889 esse
513 1852 705 1918 glossam.
762 1848 884 1887 Patet
911 1858 954 1887 et
977 1863 1028 1889 ex
1054 1849 1209 1899 saida,
1237 1847 1348 1903 apud
1365 1861 1499 1915 quern·-
1507 1847 1663 1918 pari‘ter

245 1914 329 1945 est.
358 1907 525 1975 ψαλίδα,
564 1903 616 1957 ἣν
639 1901 750 1957 ημεῖς
782 1900 910 1955 ἆψίδα
939 1905 1088 1956 φαμέν·
1117 1903 1252 1957 νόμων
1275 1903 1339 1959 ιβ’.
1356 1900 1502 1956 θήκην
1524 1900 1606 1945 δὲ’
1580 1901 1660 1946 vad

246 1977 317 2016 γης
337 1958 469 2008 αὐτοῖς
491 1961 744 2024 εἰργασμένην
765 1958 864 2001 εἶναι
884 1962 1033 2011 ψαλίδα
1058 1959 1244 2014 προμήκη
1268 1962 1394 2001 λίθων
1417 1961 1660 2013 πολυτίμων·

248 2029 354 2070 quae
378 2019 443 2056 vel
461 2015 556 2055 ideo
581 2015 714 2065 attuli,
743 2024 791 2053 ut
812 2013 954 2055 videas
973 2015 1072 2056 inde
1090 2018 1147 2057 H
1168 2016 1420 2068 Stephanum
1439 2018 1662 2067 πολυτίμων

248 2070 467 2112 addidisse
525 2070 607 2113 Sed
626 2070 728 2110 haec
749 2070 989 2110 coniectura
1012 2081 1095 2122 est3
1123 2081 1164 2110 et
1183 2071 1271 2124 pari
1293 2071 1382 2110 iure
1396 2084 1474 2123 ego
1492 2084 1661 2123 possum

248 2135 395 2180 putare
413 2127 625 2166 Pollucem
644 2128 769 2167 λίθων
786 2142 984 2179 προτιμων
1005 2127 1232 2179 scripsisse,
1263 2135 1310 2164 ut
1321 2125 1429 2194 apud
1441 2127 1663 2193 Plutonem

250 2191 331 2221 est:
363 2183 550 2234 quamvis
569 2180 675 2220 illud
690 2184 912 2234 πολυτίμων
933 2181 1112 2222 arrideat
1127 2181 1269 2235 magis.
1300 2195 1377 2221 nee
1395 2177 1554 2235 ἆγήρὼν
1569 2196 1662 2222 cum

249 2236 492 2290 lapidibus
480 2237 663 2276 iunxisse
686 2237 890 2277 Pollucem
909 2236 1054 2286 credo,
1083 2246 1133 2280 ut
1150 2235 1315 2276 videtur
1331 2237 1539 2289 accepisse
1549 2238 1663 2277 Pla-
1711 2277 1716 2280 ,

252 2296 413 2332 lonicus
440 2294 657 2345 interpres,
687 2292 760 2345 qui
785 2293 1016 2331 durissimis
1038 2293 1274 2345 pulcrisque
1293 2293 1501 2345 lapidibus
1520 2292 1661 2344 vertit,

252 2348 372 2387 cuius
390 2349 598 2388 versionis
615 2348 819 2388 rationem
834 2362 919 2386 non
939 2346 1076 2390 video.
1130 2353 1238 2388 Iuno.

361 2401 457 2445 ἄλλα
484 2403 563 2457 μὴν
587 2404 654 2446 καὶ
687 2402 853 2444 Πλάτων
880 2413 958 2443 etc.
969 2403 984 2455 ]
1018 2402 1159 2442 Isthac
1181 2403 1323 2457 itaque
1342 2416 1448 2444 voce
1466 2411 1508 2442 et
1531 2403 1662 2442 Plato

163 2478 167 2485 ·
224 2492 227 2495 .
251 2458 380 2498 fuerit
400 2473 498 2498 usus
518 2460 563 2498 in
582 2460 668 2498 suis
690 2457 890 2512 Legibus.
931 2459 1103 2498 omnino
1128 2457 1316 2512 quidem.
1351 2453 1575 2522 posuitque
1593 2461 1665 2498 lo—
1712 2452 1716 2453 ⁷

253 2527 344 2552 cum
364 2514 587 2556 Eruditiss
605 2515 944 2570 langermannzzs,
975 2513 1154 2569 dumque
1175 2523 1237 2553 est
1260 2513 1335 2553 sub
1357 2512 1564 2564 manibus,
1596 2517 1665 2552 ul-

253 2569 399 2618 terius,
427 2579 625 2624 quantum
647 2567 747 2610 fieri
755 2579 908 2623 potest,
934 2569 1186 2609 illustremus
1203 2579 1244 2609 et
1263 2568 1666 2622 emaculemus.·1poe·
