<?xml version="1.0" encoding="UTF-8"?>
<!DOCTYPE html PUBLIC "-//W3C//DTD XHTML 1.0 Transitional//EN"
    "http://www.w3.org/TR/xhtml1/DTD/xhtml1-transitional.dtd">
<html xmlns="http://www.w3.org/1999/xhtml" xml:lang="en" lang="en">
 <head>
  <title>
</title>
<meta http-equiv="Content-Type" content="text/html;charset=utf-8" />
  <meta name='ocr-system' content='tesseract 3.04.00' />
  <meta name='ocr-capabilities' content='ocr_page ocr_carea ocr_par ocr_line ocrx_word'/>
</head>
<body>
  <div class='ocr_page' id='page_1' title='image "./p2onomastic05polluoft_0678.png"; bbox 0 0 1690 2996; ppageno 0'>
   <div class='ocr_carea' id='block_1_1' title="bbox 187 115 982 160">
    <p class='ocr_par' dir='ltr' id='par_1_1' title="bbox 187 115 982 160">
     <span class='ocr_line' id='line_1_1' title="bbox 187 115 982 160; baseline 0.006 -6"><span class='ocrx_word' id='word_1_1' title='bbox 187 115 292 156; x_wconf 77' lang='lat'>1528</span> <span class='ocrx_word' id='word_1_2' title='bbox 804 116 857 156; x_wconf 88' lang='lat' dir='ltr'>X.</span> <span class='ocrx_word' id='word_1_3' title='bbox 915 120 982 160; x_wconf 88' lang='lat'>76.</span> 
     </span>
    </p>
   </div>
   <div class='ocr_carea' id='block_1_2' title="bbox 180 222 1609 444">
    <p class='ocr_par' dir='ltr' id='par_1_2' title="bbox 180 222 1609 444">
     <span class='ocr_line' id='line_1_2' title="bbox 185 222 1609 284; baseline 0.01 -24"><span class='ocrx_word' id='word_1_4' title='bbox 185 222 327 263; x_wconf 78' lang='lat' dir='ltr'>utfurt</span> <span class='ocrx_word' id='word_1_5' title='bbox 337 225 550 278; x_wconf 84' lang='lat' dir='ltr'>vulgatum</span> <span class='ocrx_word' id='word_1_6' title='bbox 563 226 586 264; x_wconf 72' lang='grc' dir='ltr'><em>Ρ</em></span> <span class='ocrx_word' id='word_1_7' title='bbox 612 223 912 278; x_wconf 71' lang='grc' dir='ltr'>βδελύσσεσθαι</span> <span class='ocrx_word' id='word_1_8' title='bbox 931 227 1040 268; x_wconf 86' lang='lat' dir='ltr'>inter</span> <span class='ocrx_word' id='word_1_9' title='bbox 1060 228 1140 268; x_wconf 85' lang='lat' dir='ltr'>alia</span> <span class='ocrx_word' id='word_1_10' title='bbox 1155 229 1306 267; x_wconf 76' lang='lat' dir='ltr'>suidas</span> <span class='ocrx_word' id='word_1_11' title='bbox 1320 229 1498 284; x_wconf 75' lang='lat' dir='ltr'>exponit</span> <span class='ocrx_word' id='word_1_12' title='bbox 1508 248 1609 274; x_wconf 58' lang='lat' dir='ltr'>vav·</span> 
     </span>
     <span class='ocr_line' id='line_1_3' title="bbox 184 280 1608 336; baseline 0.004 -14"><span class='ocrx_word' id='word_1_13' title='bbox 184 280 286 331; x_wconf 75' lang='grc' dir='ltr'><em>τιᾷν.</em></span> <span class='ocrx_word' id='word_1_14' title='bbox 326 290 413 318; x_wconf 87' lang='lat' dir='ltr'>tum</span> <span class='ocrx_word' id='word_1_15' title='bbox 454 283 511 327; x_wconf 73' lang='grc' dir='ltr'>εἰς</span> <span class='ocrx_word' id='word_1_16' title='bbox 546 281 589 319; x_wconf 76' lang='lat' dir='ltr'>in</span> <span class='ocrx_word' id='word_1_17' title='bbox 615 282 890 336; x_wconf 68' lang='grc' dir='ltr'>εἰσενεγκάτω,</span> <span class='ocrx_word' id='word_1_18' title='bbox 933 283 993 322; x_wconf 87' lang='lat' dir='ltr'>sic</span> <span class='ocrx_word' id='word_1_19' title='bbox 1038 285 1149 324; x_wconf 86' lang='lat' dir='ltr'>enim</span> <span class='ocrx_word' id='word_1_20' title='bbox 1188 286 1345 324; x_wconf 82' lang='lat' dir='ltr'>editum</span> <span class='ocrx_word' id='word_1_21' title='bbox 1378 287 1466 326; x_wconf 78' lang='lat' dir='ltr'>fuit</span> <span class='ocrx_word' id='word_1_22' title='bbox 1510 296 1608 328; x_wconf 85' lang='lat' dir='ltr'>ante</span> 
     </span>
     <span class='ocr_line' id='line_1_4' title="bbox 185 335 1609 433; baseline 0.006 -60"><span class='ocrx_word' id='word_1_23' title='bbox 185 335 609 433; x_wconf 54' lang='lat' dir='ltr'>nosbigducendum</span> <span class='ocrx_word' id='word_1_24' title='bbox 639 352 726 378; x_wconf 85' lang='lat' dir='ltr'>esse</span> <span class='ocrx_word' id='word_1_25' title='bbox 759 339 905 379; x_wconf 87' lang='lat' dir='ltr'>ceteris</span> <span class='ocrx_word' id='word_1_26' title='bbox 938 340 1150 380; x_wconf 70' lang='lat' dir='ltr'>consentit</span> <span class='ocrx_word' id='word_1_27' title='bbox 1177 341 1302 380; x_wconf 85' lang='lat' dir='ltr'><strong>MSS.</strong></span> <span class='ocrx_word' id='word_1_28' title='bbox 1333 339 1609 382; x_wconf 77' lang='lat' dir='ltr'>Falckmbur-</span> 
     </span>
     <span class='ocr_line' id='line_1_5' title="bbox 180 404 423 444; baseline 0 -15"><span class='ocrx_word' id='word_1_29' title='bbox 180 405 246 444; x_wconf 78' lang='lat' dir='ltr'>gu</span> <span class='ocrx_word' id='word_1_30' title='bbox 316 404 340 429; x_wconf 90' lang='grc' dir='ltr'><strong><em>ο</em></strong></span> <span class='ocrx_word' id='word_1_31' title='bbox 373 404 423 430; x_wconf 83' lang='lat' dir='ltr'>ex</span> 
     </span>
    </p>
   </div>
   <div class='ocr_carea' id='block_1_3' title="bbox 296 458 1226 516">
    <p class='ocr_par' dir='ltr' id='par_1_3' title="bbox 296 458 1226 516">
     <span class='ocr_line' id='line_1_6' title="bbox 296 458 1226 516; baseline -0.001 -15"><span class='ocrx_word' id='word_1_32' title='bbox 296 463 402 501; x_wconf 85' lang='grc' dir='ltr'><strong><em>Πολ.</em></strong></span> <span class='ocrx_word' id='word_1_33' title='bbox 438 458 525 500; x_wconf 77' lang='grc' dir='ltr'>δὲ’</span> <span class='ocrx_word' id='word_1_34' title='bbox 504 477 548 502; x_wconf 70' lang='grc' dir='ltr'>εν</span> <span class='ocrx_word' id='word_1_35' title='bbox 563 461 671 515; x_wconf 79' lang='grc' dir='ltr'>μίμῳ</span> <span class='ocrx_word' id='word_1_36' title='bbox 696 460 916 516; x_wconf 74' lang='grc' dir='ltr'><strong>Τινδαρέῳ]</strong></span> <span class='ocrx_word' id='word_1_37' title='bbox 958 463 1071 503; x_wconf 75' lang='grc' dir='ltr'><strong><em>Τυνδ.</em></strong></span> <span class='ocrx_word' id='word_1_38' title='bbox 1129 461 1226 504; x_wconf 66' lang='lat' dir='ltr'>Sea,</span> 
     </span>
    </p>
   </div>
   <div class='ocr_carea' id='block_1_4' title="bbox 182 526 1607 912">
    <p class='ocr_par' dir='ltr' id='par_1_4' title="bbox 182 526 1607 912">
     <span class='ocr_line' id='line_1_7' title="bbox 295 526 1606 583; baseline 0.002 -16"><span class='ocrx_word' id='word_1_39' title='bbox 295 530 399 568; x_wconf 89' lang='grc' dir='ltr'><strong><em>Πολ.</em></strong></span> <span class='ocrx_word' id='word_1_40' title='bbox 430 527 513 568; x_wconf 73' lang='grc' dir='ltr'>δὲ’</span> <span class='ocrx_word' id='word_1_41' title='bbox 492 543 535 568; x_wconf 76' lang='grc' dir='ltr'>εν</span> <span class='ocrx_word' id='word_1_42' title='bbox 554 529 661 582; x_wconf 72' lang='grc' dir='ltr'><em>μίμῳ</em></span> <span class='ocrx_word' id='word_1_43' title='bbox 686 527 914 583; x_wconf 64' lang='grc' dir='ltr'><strong><em>Τυνδαρέῳ]</em></strong></span> <span class='ocrx_word' id='word_1_44' title='bbox 945 528 994 569; x_wconf 88' lang='lat' dir='ltr'>C.</span> <span class='ocrx_word' id='word_1_45' title='bbox 1025 528 1076 569; x_wconf 88' lang='lat' dir='ltr'>V.</span> <span class='ocrx_word' id='word_1_46' title='bbox 1103 529 1147 570; x_wconf 79' lang='grc' dir='ltr'>ἔν</span> <span class='ocrx_word' id='word_1_47' title='bbox 1165 526 1501 583; x_wconf 67' lang='grc' dir='ltr'><strong><em>Λημοτυνδαρὲῳ.</em></strong></span> <span class='ocrx_word' id='word_1_48' title='bbox 1522 543 1606 570; x_wconf 82' lang='lat' dir='ltr'>ma-</span> 
     </span>
     <span class='ocr_line' id='line_1_8' title="bbox 182 579 1606 640; baseline 0.001 -18"><span class='ocrx_word' id='word_1_49' title='bbox 182 582 278 634; x_wconf 85' lang='lat' dir='ltr'>lim,</span> <span class='ocrx_word' id='word_1_50' title='bbox 309 579 635 637; x_wconf 73' lang='grc' dir='ltr'><strong><em>Δημοτυνδᾶρεῳ,</em></strong></span> <span class='ocrx_word' id='word_1_51' title='bbox 666 597 688 622; x_wconf 88' lang='lat' dir='ltr'>a</span> <span class='ocrx_word' id='word_1_52' title='bbox 709 595 846 634; x_wconf 74' lang='lat' dir='ltr'>recto,</span> <span class='ocrx_word' id='word_1_53' title='bbox 877 581 1247 638; x_wconf 67' lang='grc' dir='ltr'><strong>Λημοτυιιδᾶρεως,</strong></span> <span class='ocrx_word' id='word_1_54' title='bbox 1277 600 1395 640; x_wconf 86' lang='lat' dir='ltr'>quam</span> <span class='ocrx_word' id='word_1_55' title='bbox 1425 585 1606 624; x_wconf 79' lang='lat' dir='ltr'>fabulam</span> 
     </span>
     <span class='ocr_line' id='line_1_9' title="bbox 182 636 1607 694; baseline 0.002 -17"><span class='ocrx_word' id='word_1_56' title='bbox 182 648 370 678; x_wconf 83' lang='lat' dir='ltr'>recenset</span> <span class='ocrx_word' id='word_1_57' title='bbox 389 645 431 677; x_wconf 83' lang='lat' dir='ltr'>et</span> <span class='ocrx_word' id='word_1_58' title='bbox 450 638 634 677; x_wconf 68' lang='lat' dir='ltr'>Suidas</span> <span class='ocrx_word' id='word_1_59' title='bbox 622 653 665 677; x_wconf 77' lang='lat' dir='ltr'>in</span> <span class='ocrx_word' id='word_1_60' title='bbox 687 636 940 691; x_wconf 81' lang='grc' dir='ltr'><em>Πολύζηλος,</em></span> <span class='ocrx_word' id='word_1_61' title='bbox 973 655 1058 694; x_wconf 88' lang='lat' dir='ltr'>quo</span> <span class='ocrx_word' id='word_1_62' title='bbox 1081 639 1263 680; x_wconf 84' lang='lat' dir='ltr'>dramate</span> <span class='ocrx_word' id='word_1_63' title='bbox 1286 651 1422 680; x_wconf 86' lang='lat' dir='ltr'>actum</span> <span class='ocrx_word' id='word_1_64' title='bbox 1439 640 1607 680; x_wconf 84' lang='lat' dir='ltr'>videtur</span> 
     </span>
     <span class='ocr_line' id='line_1_10' title="bbox 184 693 1606 748; baseline 0.003 -16"><span class='ocrx_word' id='word_1_65' title='bbox 184 694 235 732; x_wconf 88' lang='lat' dir='ltr'>de</span> <span class='ocrx_word' id='word_1_66' title='bbox 256 693 402 748; x_wconf 87' lang='lat' dir='ltr'>populi</span> <span class='ocrx_word' id='word_1_67' title='bbox 426 693 560 732; x_wconf 84' lang='lat' dir='ltr'>Attici</span> <span class='ocrx_word' id='word_1_68' title='bbox 580 695 847 734; x_wconf 82' lang='lat' dir='ltr'>restitutione</span> <span class='ocrx_word' id='word_1_69' title='bbox 871 696 914 733; x_wconf 88' lang='lat' dir='ltr'>in</span> <span class='ocrx_word' id='word_1_70' title='bbox 934 695 1159 748; x_wconf 88' lang='lat' dir='ltr'>integrum,</span> <span class='ocrx_word' id='word_1_71' title='bbox 1190 704 1237 734; x_wconf 86' lang='lat' dir='ltr'>ut</span> <span class='ocrx_word' id='word_1_72' title='bbox 1258 695 1301 734; x_wconf 89' lang='lat' dir='ltr'>in</span> <span class='ocrx_word' id='word_1_73' title='bbox 1326 696 1481 735; x_wconf 84' lang='lat' dir='ltr'>fabulis</span> <span class='ocrx_word' id='word_1_74' title='bbox 1503 699 1606 736; x_wconf 82' lang='lat' dir='ltr'>cele·</span> 
     </span>
     <span class='ocr_line' id='line_1_11' title="bbox 183 745 1605 814; baseline 0.004 -26"><span class='ocrx_word' id='word_1_75' title='bbox 183 749 297 788; x_wconf 87' lang='lat' dir='ltr'>brata</span> <span class='ocrx_word' id='word_1_76' title='bbox 328 757 390 788; x_wconf 84' lang='lat' dir='ltr'>est</span> <span class='ocrx_word' id='word_1_77' title='bbox 422 745 452 798; x_wconf 76' lang='grc' dir='ltr'><em>ἦ</em></span> <span class='ocrx_word' id='word_1_78' title='bbox 494 748 697 802; x_wconf 80' lang='grc' dir='ltr'>Τυνδαρεω</span> <span class='ocrx_word' id='word_1_79' title='bbox 738 750 965 814; x_wconf 70' lang='grc' dir='ltr'><strong>οἷνοὶστρισις.</strong></span> <span class='ocrx_word' id='word_1_80' title='bbox 1014 749 1102 792; x_wconf 87' lang='lat' dir='ltr'>vid.</span> <span class='ocrx_word' id='word_1_81' title='bbox 1141 751 1256 790; x_wconf 82' lang='lat' dir='ltr'>Suid.</span> <span class='ocrx_word' id='word_1_82' title='bbox 1294 753 1339 790; x_wconf 84' lang='lat' dir='ltr'>in</span> <span class='ocrx_word' id='word_1_83' title='bbox 1372 751 1605 804; x_wconf 71' lang='grc' dir='ltr'><strong>οἷναβιῶναι.</strong></span> 
     </span>
     <span class='ocr_line' id='line_1_12' title="bbox 187 805 1605 859; baseline 0.001 -15"><span class='ocrx_word' id='word_1_84' title='bbox 187 805 371 857; x_wconf 81' lang='lat' dir='ltr'><em>Tyndari</em></span> <span class='ocrx_word' id='word_1_85' title='bbox 401 809 728 844; x_wconf 70' lang='lat' dir='ltr'>resurrectionem</span> <span class='ocrx_word' id='word_1_86' title='bbox 754 806 891 859; x_wconf 86' lang='lat' dir='ltr'>tangit</span> <span class='ocrx_word' id='word_1_87' title='bbox 930 815 972 844; x_wconf 92' lang='lat' dir='ltr'>et</span> <span class='ocrx_word' id='word_1_88' title='bbox 1003 807 1219 845; x_wconf 73' lang='lat' dir='ltr'>Lucienus</span> <span class='ocrx_word' id='word_1_89' title='bbox 1255 805 1305 846; x_wconf 89' lang='lat' dir='ltr'>de</span> <span class='ocrx_word' id='word_1_90' title='bbox 1338 808 1492 847; x_wconf 78' lang='lat' dir='ltr'>saecat.</span> <span class='ocrx_word' id='word_1_91' title='bbox 1529 806 1605 846; x_wconf 83' lang='lat' dir='ltr'>ubi</span> 
     </span>
     <span class='ocr_line' id='line_1_13' title="bbox 183 858 1420 912; baseline 0.002 -12"><span class='ocrx_word' id='word_1_92' title='bbox 183 862 359 912; x_wconf 76' lang='lat' dir='ltr'>Inter-pr.</span> <span class='ocrx_word' id='word_1_93' title='bbox 391 858 589 911; x_wconf 85' lang='lat' dir='ltr'>obscure,</span> <span class='ocrx_word' id='word_1_94' title='bbox 621 864 961 901; x_wconf 76' lang='lat' dir='ltr'><strong><em>instaurationem</em></strong></span> <span class='ocrx_word' id='word_1_95' title='bbox 987 861 1420 912; x_wconf 63' lang='lat' dir='ltr'>Tyndari.Ku13118.</span> 
     </span>
    </p>
   </div>
   <div class='ocr_carea' id='block_1_5' title="bbox 181 936 1608 1369">
    <p class='ocr_par' dir='ltr' id='par_1_5' title="bbox 181 936 1608 1369">
     <span class='ocr_line' id='line_1_14' title="bbox 292 936 1607 993; baseline -0.001 -13"><span class='ocrx_word' id='word_1_96' title='bbox 292 942 397 980; x_wconf 85' lang='grc' dir='ltr'><strong><em>Πολ.</em></strong></span> <span class='ocrx_word' id='word_1_97' title='bbox 427 939 469 979; x_wconf 77' lang='grc' dir='ltr'>δὲ</span> <span class='ocrx_word' id='word_1_98' title='bbox 493 940 537 981; x_wconf 73' lang='grc' dir='ltr'>ἐν</span> <span class='ocrx_word' id='word_1_99' title='bbox 562 940 669 993; x_wconf 72' lang='grc' dir='ltr'><em>μίμῳ</em></span> <span class='ocrx_word' id='word_1_100' title='bbox 702 937 1022 993; x_wconf 65' lang='grc' dir='ltr'><strong>Ίὶνδαρε’ῳ]5ι&gt;,ἆ</strong></span> <span class='ocrx_word' id='word_1_101' title='bbox 1050 936 1102 977; x_wconf 85' lang='lat' dir='ltr'>ad</span> <span class='ocrx_word' id='word_1_102' title='bbox 1124 952 1170 978; x_wconf 88' lang='lat' dir='ltr'>ea</span> <span class='ocrx_word' id='word_1_103' title='bbox 1193 952 1300 991; x_wconf 89' lang='lat' dir='ltr'>quae</span> <span class='ocrx_word' id='word_1_104' title='bbox 1322 949 1501 988; x_wconf 81' lang='lat' dir='ltr'>restant,</span> <span class='ocrx_word' id='word_1_105' title='bbox 1531 939 1607 979; x_wconf 81' lang='lat' dir='ltr'>ubi</span> 
     </span>
     <span class='ocr_line' id='line_1_15' title="bbox 182 992 1608 1059; baseline 0 -25"><span class='ocrx_word' id='word_1_106' title='bbox 182 995 375 1059; x_wconf 53' lang='lat' dir='ltr'>profect-o</span> <span class='ocrx_word' id='word_1_107' title='bbox 410 993 503 1047; x_wconf 81' lang='lat' dir='ltr'>quis</span> <span class='ocrx_word' id='word_1_108' title='bbox 531 994 668 1034; x_wconf 84' lang='lat' dir='ltr'>adbuc</span> <span class='ocrx_word' id='word_1_109' title='bbox 695 996 850 1049; x_wconf 87' lang='lat' dir='ltr'>pelvim</span> <span class='ocrx_word' id='word_1_110' title='bbox 886 1007 1055 1047; x_wconf 87' lang='lat' dir='ltr'>poscere</span> <span class='ocrx_word' id='word_1_111' title='bbox 1085 992 1255 1045; x_wconf 86' lang='lat' dir='ltr'>debeat,</span> <span class='ocrx_word' id='word_1_112' title='bbox 1286 1005 1456 1048; x_wconf 85' lang='lat' dir='ltr'>propter</span> <span class='ocrx_word' id='word_1_113' title='bbox 1476 997 1608 1048; x_wconf 78' lang='lat' dir='ltr'>Poly-</span> 
     </span>
     <span class='ocr_line' id='line_1_16' title="bbox 183 1048 1606 1105; baseline 0.001 -16"><span class='ocrx_word' id='word_1_114' title='bbox 183 1053 257 1089; x_wconf 73' lang='lat' dir='ltr'>zelc&#39;</span> <span class='ocrx_word' id='word_1_115' title='bbox 281 1050 436 1105; x_wconf 79' lang='grc' dir='ltr'><strong>χρῆσιν.</strong></span> <span class='ocrx_word' id='word_1_116' title='bbox 495 1049 576 1089; x_wconf 85' lang='lat' dir='ltr'>Sed</span> <span class='ocrx_word' id='word_1_117' title='bbox 606 1051 695 1093; x_wconf 90' lang='lat' dir='ltr'>MS</span> <span class='ocrx_word' id='word_1_118' title='bbox 736 1051 960 1090; x_wconf 82' lang='lat' dir='ltr'>lectionem</span> <span class='ocrx_word' id='word_1_119' title='bbox 991 1048 1211 1099; x_wconf 85' lang='lat' dir='ltr'>indicabo,</span> <span class='ocrx_word' id='word_1_120' title='bbox 1239 1059 1376 1089; x_wconf 85' lang='lat' dir='ltr'>necte</span> <span class='ocrx_word' id='word_1_121' title='bbox 1397 1050 1606 1092; x_wconf 87' lang='lat' dir='ltr'>morabor.</span> 
     </span>
     <span class='ocr_line' id='line_1_17' title="bbox 181 1105 1608 1160; baseline 0 -15"><span class='ocrx_word' id='word_1_122' title='bbox 181 1106 367 1148; x_wconf 87' lang='lat' dir='ltr'>Primum</span> <span class='ocrx_word' id='word_1_123' title='bbox 388 1106 537 1144; x_wconf 83' lang='lat' dir='ltr'>titulus</span> <span class='ocrx_word' id='word_1_124' title='bbox 561 1105 605 1144; x_wconf 87' lang='lat' dir='ltr'>in</span> <span class='ocrx_word' id='word_1_125' title='bbox 625 1105 716 1148; x_wconf 86' lang='lat' dir='ltr'>MS.</span> <span class='ocrx_word' id='word_1_126' title='bbox 749 1105 940 1145; x_wconf 76' lang='lat' dir='ltr'><strong>dramatis</strong></span> <span class='ocrx_word' id='word_1_127' title='bbox 975 1107 1101 1159; x_wconf 85' lang='lat' dir='ltr'>longe</span> <span class='ocrx_word' id='word_1_128' title='bbox 1127 1105 1235 1144; x_wconf 87' lang='lat' dir='ltr'>alius</span> <span class='ocrx_word' id='word_1_129' title='bbox 1265 1115 1329 1146; x_wconf 86' lang='lat' dir='ltr'>est</span> <span class='ocrx_word' id='word_1_130' title='bbox 1361 1119 1484 1160; x_wconf 80' lang='lat' dir='ltr'>quam</span> <span class='ocrx_word' id='word_1_131' title='bbox 1514 1108 1608 1145; x_wconf 86' lang='lat' dir='ltr'>vul-</span> 
     </span>
     <span class='ocr_line' id='line_1_18' title="bbox 184 1158 1605 1216; baseline -0.001 -15"><span class='ocrx_word' id='word_1_132' title='bbox 184 1176 253 1216; x_wconf 82' lang='lat' dir='ltr'>go.</span> <span class='ocrx_word' id='word_1_133' title='bbox 282 1160 353 1199; x_wconf 87' lang='lat' dir='ltr'>hic</span> <span class='ocrx_word' id='word_1_134' title='bbox 387 1161 607 1200; x_wconf 84' lang='lat' dir='ltr'>nimirum:</span> <span class='ocrx_word' id='word_1_135' title='bbox 639 1158 867 1212; x_wconf 76' lang='grc' dir='ltr'><strong><em>Πολύζηλος</em></strong></span> <span class='ocrx_word' id='word_1_136' title='bbox 885 1162 927 1202; x_wconf 72' lang='grc' dir='ltr'>δὲ</span> <span class='ocrx_word' id='word_1_137' title='bbox 948 1163 989 1204; x_wconf 75' lang='grc' dir='ltr'>ἐν</span> <span class='ocrx_word' id='word_1_138' title='bbox 1006 1163 1341 1215; x_wconf 61' lang='grc' dir='ltr'><strong>Λημοτυνδαράιι.</strong></span> <span class='ocrx_word' id='word_1_139' title='bbox 1377 1161 1605 1203; x_wconf 85' lang='lat' dir='ltr'>verissime.</span> 
     </span>
     <span class='ocr_line' id='line_1_19' title="bbox 182 1210 1606 1282; baseline 0.002 -26"><span class='ocrx_word' id='word_1_140' title='bbox 182 1219 242 1256; x_wconf 77' lang='lat' dir='ltr'>ita</span> <span class='ocrx_word' id='word_1_141' title='bbox 276 1230 442 1269; x_wconf 87' lang='lat' dir='ltr'>repone.</span> <span class='ocrx_word' id='word_1_142' title='bbox 480 1220 650 1282; x_wconf 84' lang='lat' dir='ltr'>vulgata</span> <span class='ocrx_word' id='word_1_143' title='bbox 680 1218 807 1257; x_wconf 89' lang='lat' dir='ltr'>lectio</span> <span class='ocrx_word' id='word_1_144' title='bbox 832 1216 1092 1270; x_wconf 62' lang='grc' dir='ltr'><strong><em>οἶποβλυστέω</em></strong></span> <span class='ocrx_word' id='word_1_145' title='bbox 1152 1217 1330 1257; x_wconf 74' lang='grc' dir='ltr'><strong>διιίἅαε·</strong></span> <span class='ocrx_word' id='word_1_146' title='bbox 1362 1210 1606 1269; x_wconf 65' lang='grc' dir='ltr'><strong><em>Πολύζηλος,</em></strong></span> 
     </span>
     <span class='ocr_line' id='line_1_20' title="bbox 181 1267 1602 1327; baseline -0.002 -12"><span class='ocrx_word' id='word_1_147' title='bbox 181 1270 387 1324; x_wconf 82' lang='grc' dir='ltr'><strong>Κωμικός·</strong></span> <span class='ocrx_word' id='word_1_148' title='bbox 423 1270 606 1327; x_wconf 70' lang='grc' dir='ltr'><em>δράματα</em></span> <span class='ocrx_word' id='word_1_149' title='bbox 633 1271 784 1316; x_wconf 63' lang='lat' dir='ltr'>adrosi-</span> <span class='ocrx_word' id='word_1_150' title='bbox 817 1275 1006 1327; x_wconf 81' lang='grc' dir='ltr'><strong><em>Νίπτρα,</em></strong></span> <span class='ocrx_word' id='word_1_151' title='bbox 1032 1267 1402 1327; x_wconf 74' lang='grc' dir='ltr'><strong><em>Λημοτυνδᾶρεως,</em></strong></span> <span class='ocrx_word' id='word_1_152' title='bbox 1426 1281 1602 1313; x_wconf 84' lang='lat' dir='ltr'>caetera.</span> 
     </span>
     <span class='ocr_line' id='line_1_21' title="bbox 181 1330 409 1369; baseline -0.009 -1"><span class='ocrx_word' id='word_1_153' title='bbox 181 1330 409 1369; x_wconf 69' lang='lat' dir='ltr'>Iunonum.</span> 
     </span>
    </p>
   </div>
   <div class='ocr_carea' id='block_1_6' title="bbox 178 1392 1607 1901">
    <p class='ocr_par' dir='ltr' id='par_1_6' title="bbox 178 1392 1607 1893">
     <span class='ocr_line' id='line_1_22' title="bbox 293 1392 1607 1450; baseline -0.001 -14"><span class='ocrx_word' id='word_1_154' title='bbox 293 1392 441 1443; x_wconf 82' lang='grc' dir='ltr'><strong><em>Πολύζ.</em></strong></span> <span class='ocrx_word' id='word_1_155' title='bbox 472 1394 552 1436; x_wconf 79' lang='grc' dir='ltr'>δὲ’</span> <span class='ocrx_word' id='word_1_156' title='bbox 530 1413 572 1436; x_wconf 75' lang='grc' dir='ltr'>εν</span> <span class='ocrx_word' id='word_1_157' title='bbox 588 1396 696 1450; x_wconf 83' lang='grc' dir='ltr'><em>μΙμῳ</em></span> <span class='ocrx_word' id='word_1_158' title='bbox 731 1395 951 1448; x_wconf 69' lang='grc' dir='ltr'><strong>Τινδαρὲῳ]</strong></span> <span class='ocrx_word' id='word_1_159' title='bbox 980 1394 1237 1433; x_wconf 77' lang='grc' dir='ltr'><strong>ΚαεῘιηίιιο’</strong></span> <span class='ocrx_word' id='word_1_160' title='bbox 1223 1408 1268 1433; x_wconf 82' lang='grc' dir='ltr'>ιιι</span> <span class='ocrx_word' id='word_1_161' title='bbox 1287 1394 1386 1434; x_wconf 84' lang='lat' dir='ltr'><strong>libri</strong></span> <span class='ocrx_word' id='word_1_162' title='bbox 1411 1394 1480 1435; x_wconf 85' lang='lat' dir='ltr'>sui</span> <span class='ocrx_word' id='word_1_163' title='bbox 1500 1409 1607 1435; x_wconf 85' lang='lat' dir='ltr'>mar-</span> 
     </span>
     <span class='ocr_line' id='line_1_23' title="bbox 182 1449 1605 1506; baseline 0 -16"><span class='ocrx_word' id='word_1_164' title='bbox 182 1452 281 1506; x_wconf 83' lang='lat' dir='ltr'>gine</span> <span class='ocrx_word' id='word_1_165' title='bbox 313 1449 648 1504; x_wconf 72' lang='grc' dir='ltr'><strong>Λημοτυνδιέρεῳ·</strong></span> <span class='ocrx_word' id='word_1_166' title='bbox 688 1452 748 1491; x_wconf 86' lang='lat' dir='ltr'>sic</span> <span class='ocrx_word' id='word_1_167' title='bbox 786 1451 949 1490; x_wconf 89' lang='lat' dir='ltr'>scilicet</span> <span class='ocrx_word' id='word_1_168' title='bbox 984 1450 1104 1492; x_wconf 89' lang='lat' dir='ltr'>MSS.</span> <span class='ocrx_word' id='word_1_169' title='bbox 1144 1463 1250 1503; x_wconf 84' lang='lat' dir='ltr'>quos</span> <span class='ocrx_word' id='word_1_170' title='bbox 1277 1460 1480 1502; x_wconf 84' lang='lat' dir='ltr'>sequutus</span> <span class='ocrx_word' id='word_1_171' title='bbox 1510 1465 1605 1505; x_wconf 83' lang='lat' dir='ltr'>ego,</span> 
     </span>
     <span class='ocr_line' id='line_1_24' title="bbox 180 1505 1605 1562; baseline -0.001 -16"><span class='ocrx_word' id='word_1_172' title='bbox 180 1516 420 1561; x_wconf 80' lang='lat' dir='ltr'>portentum</span> <span class='ocrx_word' id='word_1_173' title='bbox 441 1506 546 1544; x_wconf 82' lang='lat' dir='ltr'>illud</span> <span class='ocrx_word' id='word_1_174' title='bbox 570 1509 763 1562; x_wconf 81' lang='lat' dir='ltr'>vulgatae</span> <span class='ocrx_word' id='word_1_175' title='bbox 785 1506 980 1546; x_wconf 85' lang='lat' dir='ltr'>lectionis</span> <span class='ocrx_word' id='word_1_176' title='bbox 1001 1505 1119 1544; x_wconf 86' lang='lat' dir='ltr'>eieci.</span> <span class='ocrx_word' id='word_1_177' title='bbox 1179 1507 1362 1558; x_wconf 77' lang='lat' dir='ltr'>Polyzels&#39;</span> <span class='ocrx_word' id='word_1_178' title='bbox 1378 1508 1605 1557; x_wconf 77' lang='lat' dir='ltr'>Demotyn-</span> 
     </span>
     <span class='ocr_line' id='line_1_25' title="bbox 180 1560 1606 1616; baseline -0.001 -14"><span class='ocrx_word' id='word_1_179' title='bbox 180 1565 352 1602; x_wconf 78' lang='lat' dir='ltr'>dar-eum</span> <span class='ocrx_word' id='word_1_180' title='bbox 395 1576 487 1601; x_wconf 87' lang='lat' dir='ltr'>cum</span> <span class='ocrx_word' id='word_1_181' title='bbox 519 1563 615 1601; x_wconf 86' lang='lat' dir='ltr'>aliis</span> <span class='ocrx_word' id='word_1_182' title='bbox 650 1563 776 1601; x_wconf 85' lang='lat' dir='ltr'>huius</span> <span class='ocrx_word' id='word_1_183' title='bbox 795 1567 945 1616; x_wconf 71' lang='lat' dir='ltr'>poetae</span> <span class='ocrx_word' id='word_1_184' title='bbox 963 1560 1118 1599; x_wconf 82' lang='lat' dir='ltr'>fabulis</span> <span class='ocrx_word' id='word_1_185' title='bbox 1147 1560 1320 1598; x_wconf 76' lang='lat' dir='ltr'>suidam</span> <span class='ocrx_word' id='word_1_186' title='bbox 1347 1562 1606 1601; x_wconf 68' lang='lat' dir='ltr'>recensuisse</span> 
     </span>
     <span class='ocr_line' id='line_1_26' title="bbox 178 1614 1607 1670; baseline 0.001 -13"><span class='ocrx_word' id='word_1_187' title='bbox 178 1622 510 1670; x_wconf 77' lang='lat' dir='ltr'>Iungermannus</span> <span class='ocrx_word' id='word_1_188' title='bbox 534 1628 680 1657; x_wconf 79' lang='lat' dir='ltr'>auctor</span> <span class='ocrx_word' id='word_1_189' title='bbox 701 1629 775 1658; x_wconf 82' lang='lat' dir='ltr'>est.</span> <span class='ocrx_word' id='word_1_190' title='bbox 804 1617 995 1657; x_wconf 85' lang='lat' dir='ltr'>meminit</span> <span class='ocrx_word' id='word_1_191' title='bbox 1013 1616 1138 1655; x_wconf 79' lang='lat' dir='ltr'>etiam</span> <span class='ocrx_word' id='word_1_192' title='bbox 1160 1617 1452 1669; x_wconf 79' lang='lat' dir='ltr'>Etymologue</span> <span class='ocrx_word' id='word_1_193' title='bbox 1440 1630 1484 1656; x_wconf 85' lang='grc' dir='ltr'>ιιι</span> <span class='ocrx_word' id='word_1_194' title='bbox 1507 1614 1607 1660; x_wconf 69' lang='lat' dir='ltr'>&#39;Ev-</span> 
     </span>
     <span class='ocr_line' id='line_1_27' title="bbox 178 1670 1603 1724; baseline -0.004 -6"><span class='ocrx_word' id='word_1_195' title='bbox 178 1674 439 1724; x_wconf 70' lang='grc' dir='ltr'><strong><em>νεάκρουνος,</em></strong></span> <span class='ocrx_word' id='word_1_196' title='bbox 480 1673 554 1711; x_wconf 87' lang='lat' dir='ltr'>ubi</span> <span class='ocrx_word' id='word_1_197' title='bbox 589 1682 725 1714; x_wconf 84' lang='lat' dir='ltr'>tamen</span> <span class='ocrx_word' id='word_1_198' title='bbox 755 1673 892 1713; x_wconf 89' lang='lat' dir='ltr'>verbis</span> <span class='ocrx_word' id='word_1_199' title='bbox 928 1673 1083 1711; x_wconf 78' lang='lat' dir='ltr'>Comici</span> <span class='ocrx_word' id='word_1_200' title='bbox 1118 1670 1311 1710; x_wconf 87' lang='lat' dir='ltr'>damnum</span> <span class='ocrx_word' id='word_1_201' title='bbox 1351 1681 1415 1712; x_wconf 78' lang='lat' dir='ltr'>est</span> <span class='ocrx_word' id='word_1_202' title='bbox 1448 1670 1603 1724; x_wconf 78' lang='lat' dir='ltr'>datum,</span> 
     </span>
     <span class='ocr_line' id='line_1_28' title="bbox 181 1727 1606 1784; baseline -0.001 -16"><span class='ocrx_word' id='word_1_203' title='bbox 181 1730 295 1784; x_wconf 90' lang='lat' dir='ltr'>quod</span> <span class='ocrx_word' id='word_1_204' title='bbox 317 1743 397 1782; x_wconf 87' lang='lat' dir='ltr'>qua</span> <span class='ocrx_word' id='word_1_205' title='bbox 431 1728 574 1781; x_wconf 84' lang='lat' dir='ltr'>potuit</span> <span class='ocrx_word' id='word_1_206' title='bbox 594 1729 760 1768; x_wconf 87' lang='lat' dir='ltr'>reficere</span> <span class='ocrx_word' id='word_1_207' title='bbox 783 1730 1028 1782; x_wconf 80' lang='lat' dir='ltr'>Sylburgius</span> <span class='ocrx_word' id='word_1_208' title='bbox 1051 1740 1266 1782; x_wconf 76' lang='lat' dir='ltr'>aggressus</span> <span class='ocrx_word' id='word_1_209' title='bbox 1287 1737 1373 1776; x_wconf 80' lang='lat' dir='ltr'>est,</span> <span class='ocrx_word' id='word_1_210' title='bbox 1403 1741 1489 1767; x_wconf 85' lang='lat' dir='ltr'>non</span> <span class='ocrx_word' id='word_1_211' title='bbox 1526 1727 1606 1766; x_wconf 86' lang='lat' dir='ltr'>iu-</span> 
     </span>
     <span class='ocr_line' id='line_1_29' title="bbox 180 1782 1604 1848; baseline -0.002 -24"><span class='ocrx_word' id='word_1_212' title='bbox 180 1787 277 1825; x_wconf 89' lang='lat' dir='ltr'>dico</span> <span class='ocrx_word' id='word_1_213' title='bbox 308 1798 429 1837; x_wconf 90' lang='lat' dir='ltr'>quam</span> <span class='ocrx_word' id='word_1_214' title='bbox 460 1783 626 1824; x_wconf 77' lang='lat' dir='ltr'>dextre.-</span> <span class='ocrx_word' id='word_1_215' title='bbox 659 1785 807 1824; x_wconf 87' lang='lat' dir='ltr'>melius</span> <span class='ocrx_word' id='word_1_216' title='bbox 837 1785 947 1823; x_wconf 88' lang='lat' dir='ltr'>forte</span> <span class='ocrx_word' id='word_1_217' title='bbox 975 1786 1074 1822; x_wconf 87' lang='lat' dir='ltr'>loco</span> <span class='ocrx_word' id='word_1_218' title='bbox 1093 1783 1308 1848; x_wconf 82' lang='lat' dir='ltr'>consulas,</span> <span class='ocrx_word' id='word_1_219' title='bbox 1335 1783 1371 1820; x_wconf 90' lang='lat' dir='ltr'>si</span> <span class='ocrx_word' id='word_1_220' title='bbox 1390 1782 1451 1821; x_wconf 85' lang='lat' dir='ltr'>sic</span> <span class='ocrx_word' id='word_1_221' title='bbox 1474 1783 1604 1822; x_wconf 83' lang='lat' dir='ltr'>refor-</span> 
     </span>
     <span class='ocr_line' id='line_1_30' title="bbox 178 1834 1602 1901; baseline 0 -21"><span class='ocrx_word' id='word_1_222' title='bbox 178 1840 378 1880; x_wconf 84' lang='lat' dir='ltr'>maveris:</span> <span class='ocrx_word' id='word_1_223' title='bbox 412 1837 641 1890; x_wconf 81' lang='grc' dir='ltr'><strong><em>Πολύζηλος</em></strong></span> <span class='ocrx_word' id='word_1_224' title='bbox 661 1838 997 1893; x_wconf 74' lang='grc' dir='ltr'><strong><em>Δημοτυνδοὶοεῳ·</em></strong></span> <span class='ocrx_word' id='word_1_225' title='bbox 1029 1839 1084 1888; x_wconf 79' lang='grc' dir='ltr'>ἷξε</span> <span class='ocrx_word' id='word_1_226' title='bbox 1103 1839 1145 1880; x_wconf 76' lang='grc' dir='ltr'>δὲ</span> <span class='ocrx_word' id='word_1_227' title='bbox 1167 1854 1295 1891; x_wconf 59' lang='lat' dir='ltr'>noym</span> <span class='ocrx_word' id='word_1_228' title='bbox 1310 1838 1353 1901; x_wconf 67' lang='grc' dir='ltr'>ἐς</span> <span class='ocrx_word' id='word_1_229' title='bbox 1373 1834 1602 1889; x_wconf 53' lang='lat' dir='ltr'>&amp;necinven-</span> 
     </span>
    </p>
   </div>
   <div class='ocr_carea' id='block_1_7' title="bbox 155 1893 1602 2001">
    <p class='ocr_par' dir='ltr' id='par_1_7' title="bbox 155 1893 1602 2001">
     <span class='ocr_line' id='line_1_31' title="bbox 177 1893 1602 1948; baseline -0.005 -9"><span class='ocrx_word' id='word_1_230' title='bbox 177 1908 266 1940; x_wconf 76' lang='grc' dir='ltr'><strong><em>νον·</em></strong></span> <span class='ocrx_word' id='word_1_231' title='bbox 294 1895 454 1948; x_wconf 78' lang='grc' dir='ltr'>ἔνυδρον</span> <span class='ocrx_word' id='word_1_232' title='bbox 476 1893 619 1944; x_wconf 79' lang='grc' dir='ltr'><strong><em>τόπον,</em></strong></span> <span class='ocrx_word' id='word_1_233' title='bbox 659 1895 857 1948; x_wconf 78' lang='grc' dir='ltr'><strong>ῥητορική.</strong></span> <span class='ocrx_word' id='word_1_234' title='bbox 886 1895 958 1935; x_wconf 88' lang='lat' dir='ltr'>sed</span> <span class='ocrx_word' id='word_1_235' title='bbox 984 1894 1116 1932; x_wconf 86' lang='lat' dir='ltr'>satius</span> <span class='ocrx_word' id='word_1_236' title='bbox 1145 1902 1206 1932; x_wconf 89' lang='lat' dir='ltr'>est</span> <span class='ocrx_word' id='word_1_237' title='bbox 1241 1893 1446 1945; x_wconf 78' lang='lat' dir='ltr'>tantisper</span> <span class='ocrx_word' id='word_1_238' title='bbox 1476 1906 1602 1944; x_wconf 84' lang='lat' dir='ltr'>expe</span> 
     </span>
     <span class='ocr_line' id='line_1_32' title="bbox 155 1947 1601 2001; baseline -0.003 -9"><span class='ocrx_word' id='word_1_239' title='bbox 155 1963 315 1998; x_wconf 83' lang='lat' dir='ltr'>-ctare‚</span> <span class='ocrx_word' id='word_1_240' title='bbox 363 1949 457 1989; x_wconf 88' lang='lat' dir='ltr'>dum</span> <span class='ocrx_word' id='word_1_241' title='bbox 488 1950 616 1990; x_wconf 86' lang='lat' dir='ltr'>libros</span> <span class='ocrx_word' id='word_1_242' title='bbox 651 1951 953 1990; x_wconf 75' lang='lat' dir='ltr'>emendatiores</span> <span class='ocrx_word' id='word_1_243' title='bbox 989 1948 1299 1997; x_wconf 80' lang='lat' dir='ltr'>nanciscamur,</span> <span class='ocrx_word' id='word_1_244' title='bbox 1341 1947 1415 2001; x_wconf 88' lang='lat' dir='ltr'>qui</span> <span class='ocrx_word' id='word_1_245' title='bbox 1445 1947 1601 1988; x_wconf 84' lang='lat' dir='ltr'>nodum</span> 
     </span>
    </p>
   </div>
   <div class='ocr_carea' id='block_1_8' title="bbox 177 2001 1604 2067">
    <p class='ocr_par' dir='ltr' id='par_1_8' title="bbox 177 2001 1604 2067">
     <span class='ocr_line' id='line_1_33' title="bbox 177 2001 1604 2067; baseline -0.001 -20"><span class='ocrx_word' id='word_1_246' title='bbox 177 2008 304 2047; x_wconf 87' lang='lat' dir='ltr'>istum</span> <span class='ocrx_word' id='word_1_247' title='bbox 347 2005 592 2045; x_wconf 77' lang='lat' dir='ltr'>dissolvant.</span> <span class='ocrx_word' id='word_1_248' title='bbox 629 2006 744 2045; x_wconf 86' lang='lat' dir='ltr'>Idem</span> <span class='ocrx_word' id='word_1_249' title='bbox 775 2005 819 2044; x_wconf 91' lang='lat' dir='ltr'>in</span> <span class='ocrx_word' id='word_1_250' title='bbox 854 2005 1042 2057; x_wconf 73' lang='grc' dir='ltr'><strong>ἐπάκοιος</strong></span> <span class='ocrx_word' id='word_1_251' title='bbox 1077 2004 1259 2055; x_wconf 71' lang='lat' dir='ltr'>Polyzeca·</span> <span class='ocrx_word' id='word_1_252' title='bbox 1283 2003 1463 2045; x_wconf 76' lang='grc' dir='ltr'><strong>Μιυσων</strong></span> <span class='ocrx_word' id='word_1_253' title='bbox 1483 2001 1604 2067; x_wconf 73' lang='grc' dir='ltr'><strong><em>γονοῖς</em></strong></span> 
     </span>
    </p>
   </div>
   <div class='ocr_carea' id='block_1_9' title="bbox 177 2057 1677 2114">
    <p class='ocr_par' dir='ltr' id='par_1_9' title="bbox 177 2057 1677 2114">
     <span class='ocr_line' id='line_1_34' title="bbox 177 2057 1677 2114; baseline -0.003 -12"><span class='ocrx_word' id='word_1_254' title='bbox 177 2062 373 2110; x_wconf 79' lang='lat' dir='ltr'>adducit,</span> <span class='ocrx_word' id='word_1_255' title='bbox 402 2070 445 2100; x_wconf 90' lang='lat' dir='ltr'>et</span> <span class='ocrx_word' id='word_1_256' title='bbox 467 2062 635 2100; x_wconf 79' lang='lat' dir='ltr'>Polluce</span> <span class='ocrx_word' id='word_1_257' title='bbox 655 2071 798 2100; x_wconf 87' lang='lat' dir='ltr'>nostro</span> <span class='ocrx_word' id='word_1_258' title='bbox 821 2072 947 2114; x_wconf 86' lang='lat' dir='ltr'>atque</span> <span class='ocrx_word' id='word_1_259' title='bbox 966 2060 1174 2098; x_wconf 82' lang='lat' dir='ltr'>Athenaeo</span> <span class='ocrx_word' id='word_1_260' title='bbox 1191 2058 1266 2098; x_wconf 90' lang='lat' dir='ltr'>lib.</span> <span class='ocrx_word' id='word_1_261' title='bbox 1298 2057 1376 2099; x_wconf 87' lang='lat' dir='ltr'>IX.</span> <span class='ocrx_word' id='word_1_262' title='bbox 1408 2059 1603 2098; x_wconf 87' lang='lat' dir='ltr'>nomina-</span> <span class='ocrx_word' id='word_1_263' title='bbox 1674 2110 1677 2112; x_wconf 20' lang='grc' dir='ltr'><strong><em>ι</em></strong></span> 
     </span>
    </p>
   </div>
   <div class='ocr_carea' id='block_1_10' title="bbox 175 2111 1603 2555">
    <p class='ocr_par' dir='ltr' id='par_1_10' title="bbox 175 2111 1603 2548">
     <span class='ocr_line' id='line_1_35' title="bbox 177 2111 1602 2170; baseline -0.004 -12"><span class='ocrx_word' id='word_1_264' title='bbox 177 2129 254 2158; x_wconf 86' lang='lat' dir='ltr'>tas.</span> <span class='ocrx_word' id='word_1_265' title='bbox 285 2118 505 2170; x_wconf 80' lang='lat' dir='ltr'>scripserat</span> <span class='ocrx_word' id='word_1_266' title='bbox 536 2128 672 2156; x_wconf 86' lang='lat' dir='ltr'>autem</span> <span class='ocrx_word' id='word_1_267' title='bbox 712 2117 807 2155; x_wconf 86' lang='lat' dir='ltr'>talis</span> <span class='ocrx_word' id='word_1_268' title='bbox 844 2114 1006 2169; x_wconf 85' lang='lat' dir='ltr'>ingenii</span> <span class='ocrx_word' id='word_1_269' title='bbox 1038 2115 1140 2152; x_wconf 84' lang='lat' dir='ltr'>alias</span> <span class='ocrx_word' id='word_1_270' title='bbox 1173 2111 1300 2153; x_wconf 86' lang='lat' dir='ltr'>etiam</span> <span class='ocrx_word' id='word_1_271' title='bbox 1328 2113 1510 2159; x_wconf 83' lang='lat' dir='ltr'>fabulas,</span> <span class='ocrx_word' id='word_1_272' title='bbox 1549 2113 1602 2154; x_wconf 92' lang='lat' dir='ltr'>de</span> 
     </span>
     <span class='ocr_line' id='line_1_36' title="bbox 177 2142 1602 2228; baseline -0.003 -16"><span class='ocrx_word' id='word_1_273' title='bbox 177 2188 350 2228; x_wconf 86' lang='lat' dir='ltr'>quarum</span> <span class='ocrx_word' id='word_1_274' title='bbox 373 2171 515 2212; x_wconf 87' lang='lat' dir='ltr'>indole</span> <span class='ocrx_word' id='word_1_275' title='bbox 542 2182 583 2211; x_wconf 86' lang='lat' dir='ltr'>et</span> <span class='ocrx_word' id='word_1_276' title='bbox 603 2181 846 2225; x_wconf 84' lang='lat' dir='ltr'>argumento</span> <span class='ocrx_word' id='word_1_277' title='bbox 864 2172 966 2210; x_wconf 88' lang='lat' dir='ltr'>alibi</span> <span class='ocrx_word' id='word_1_278' title='bbox 997 2168 1146 2221; x_wconf 82' lang='lat' dir='ltr'>dicam.</span> <span class='ocrx_word' id='word_1_279' title='bbox 1204 2169 1347 2207; x_wconf 81' lang='lat' dir='ltr'>Alium</span> <span class='ocrx_word' id='word_1_280' title='bbox 1370 2183 1468 2208; x_wconf 91' lang='lat' dir='ltr'>vero</span> <span class='ocrx_word' id='word_1_281' title='bbox 1488 2142 1602 2208; x_wconf 83' lang='lat' dir='ltr'>hunc</span> 
     </span>
     <span class='ocr_line' id='line_1_37' title="bbox 181 2223 1602 2277; baseline -0.004 -9"><span class='ocrx_word' id='word_1_282' title='bbox 181 2231 384 2268; x_wconf 71' lang='lat' dir='ltr'>comicum</span> <span class='ocrx_word' id='word_1_283' title='bbox 413 2226 463 2265; x_wconf 86' lang='lat' dir='ltr'>ab</span> <span class='ocrx_word' id='word_1_284' title='bbox 495 2227 709 2267; x_wconf 74' lang='lat' dir='ltr'>fflston’eo</span> <span class='ocrx_word' id='word_1_285' title='bbox 742 2241 830 2266; x_wconf 87' lang='lat' dir='ltr'>esse</span> <span class='ocrx_word' id='word_1_286' title='bbox 860 2226 993 2272; x_wconf 88' lang='lat' dir='ltr'>duco,</span> <span class='ocrx_word' id='word_1_287' title='bbox 1032 2238 1271 2277; x_wconf 80' lang='lat' dir='ltr'>quanquam</span> <span class='ocrx_word' id='word_1_288' title='bbox 1299 2223 1485 2262; x_wconf 70' lang='lat' dir='ltr'>rationes</span> <span class='ocrx_word' id='word_1_289' title='bbox 1514 2238 1602 2263; x_wconf 84' lang='lat' dir='ltr'>non</span> 
     </span>
     <span class='ocr_line' id='line_1_38' title="bbox 176 2278 1603 2333; baseline -0.006 -9"><span class='ocrx_word' id='word_1_290' title='bbox 176 2285 347 2325; x_wconf 82' lang='lat' dir='ltr'>habeam</span> <span class='ocrx_word' id='word_1_291' title='bbox 368 2282 412 2322; x_wconf 86' lang='lat' dir='ltr'>id</span> <span class='ocrx_word' id='word_1_292' title='bbox 437 2297 606 2333; x_wconf 85' lang='lat' dir='ltr'>prorsus</span> <span class='ocrx_word' id='word_1_293' title='bbox 634 2280 886 2330; x_wconf 87' lang='lat' dir='ltr'>affirmandi,</span> <span class='ocrx_word' id='word_1_294' title='bbox 923 2294 1014 2319; x_wconf 89' lang='lat' dir='ltr'>cum</span> <span class='ocrx_word' id='word_1_295' title='bbox 1044 2279 1234 2318; x_wconf 76' lang='lat' dir='ltr'>extitisse</span> <span class='ocrx_word' id='word_1_296' title='bbox 1264 2278 1463 2332; x_wconf 84' lang='lat' dir='ltr'>quosdam</span> <span class='ocrx_word' id='word_1_297' title='bbox 1491 2293 1603 2318; x_wconf 89' lang='lat' dir='ltr'>con-</span> 
     </span>
     <span class='ocr_line' id='line_1_39' title="bbox 177 2313 1602 2394; baseline -0.004 -15"><span class='ocrx_word' id='word_1_298' title='bbox 177 2351 280 2390; x_wconf 82' lang='lat' dir='ltr'>stet,</span> <span class='ocrx_word' id='word_1_299' title='bbox 324 2340 398 2394; x_wconf 88' lang='lat' dir='ltr'>qui</span> <span class='ocrx_word' id='word_1_300' title='bbox 427 2338 664 2378; x_wconf 79' lang='lat' dir='ltr'>scribundis</span> <span class='ocrx_word' id='word_1_301' title='bbox 695 2338 821 2376; x_wconf 87' lang='lat' dir='ltr'>simul</span> <span class='ocrx_word' id='word_1_302' title='bbox 849 2313 1090 2376; x_wconf 87' lang='lat' dir='ltr'>Comoediis</span> <span class='ocrx_word' id='word_1_303' title='bbox 1119 2344 1160 2374; x_wconf 91' lang='lat' dir='ltr'>et</span> <span class='ocrx_word' id='word_1_304' title='bbox 1182 2334 1384 2373; x_wconf 77' lang='lat' dir='ltr'>Historiis</span> <span class='ocrx_word' id='word_1_305' title='bbox 1417 2333 1602 2373; x_wconf 85' lang='lat' dir='ltr'>animum</span> 
     </span>
     <span class='ocr_line' id='line_1_40' title="bbox 178 2389 1603 2448; baseline -0.004 -14"><span class='ocrx_word' id='word_1_306' title='bbox 178 2395 433 2448; x_wconf 82' lang='lat' dir='ltr'>appulerint.</span> <span class='ocrx_word' id='word_1_307' title='bbox 483 2394 702 2434; x_wconf 84' lang='lat' dir='ltr'>historiam</span> <span class='ocrx_word' id='word_1_308' title='bbox 741 2401 876 2431; x_wconf 88' lang='lat' dir='ltr'>autem</span> <span class='ocrx_word' id='word_1_309' title='bbox 921 2391 996 2444; x_wconf 90' lang='lat' dir='ltr'>qui</span> <span class='ocrx_word' id='word_1_310' title='bbox 1035 2389 1358 2441; x_wconf 86' lang='lat' dir='ltr'>conscripserint</span> <span class='ocrx_word' id='word_1_311' title='bbox 1393 2390 1603 2442; x_wconf 74' lang='lat' dir='ltr'>Polyzeloe</span> 
     </span>
     <span class='ocr_line' id='line_1_41' title="bbox 177 2444 1603 2510; baseline -0.004 -22"><span class='ocrx_word' id='word_1_312' title='bbox 177 2450 300 2488; x_wconf 91' lang='lat' dir='ltr'>binos</span> <span class='ocrx_word' id='word_1_313' title='bbox 330 2451 516 2500; x_wconf 83' lang='lat' dir='ltr'>reperio,</span> <span class='ocrx_word' id='word_1_314' title='bbox 548 2453 720 2489; x_wconf 87' lang='lat' dir='ltr'>alterum</span> <span class='ocrx_word' id='word_1_315' title='bbox 749 2447 1032 2492; x_wconf 78' lang='lat' dir='ltr'>Messeniam,</span> <span class='ocrx_word' id='word_1_316' title='bbox 1062 2445 1134 2509; x_wconf 88' lang='lat' dir='ltr'>qui</span> <span class='ocrx_word' id='word_1_317' title='bbox 1163 2444 1283 2510; x_wconf 84' lang='lat' dir='ltr'>Ibyci</span> <span class='ocrx_word' id='word_1_318' title='bbox 1310 2455 1425 2498; x_wconf 83' lang='lat' dir='ltr'>pater</span> <span class='ocrx_word' id='word_1_319' title='bbox 1454 2459 1477 2484; x_wconf 91' lang='lat' dir='ltr'>a</span> <span class='ocrx_word' id='word_1_320' title='bbox 1503 2445 1603 2498; x_wconf 88' lang='lat' dir='ltr'>qui-</span> 
     </span>
     <span class='ocr_line' id='line_1_42' title="bbox 175 2495 1602 2555; baseline -0.001 -12"><span class='ocrx_word' id='word_1_321' title='bbox 175 2505 348 2544; x_wconf 85' lang='lat' dir='ltr'>busdam</span> <span class='ocrx_word' id='word_1_322' title='bbox 368 2507 505 2544; x_wconf 81' lang='lat' dir='ltr'>fuerat</span> <span class='ocrx_word' id='word_1_323' title='bbox 525 2504 713 2555; x_wconf 85' lang='lat' dir='ltr'>habitus,</span> <span class='ocrx_word' id='word_1_324' title='bbox 746 2503 935 2543; x_wconf 86' lang='lat' dir='ltr'>tradente</span> <span class='ocrx_word' id='word_1_325' title='bbox 964 2500 1127 2540; x_wconf 79' lang='lat' dir='ltr'>Suida</span> <span class='ocrx_word' id='word_1_326' title='bbox 1115 2515 1158 2538; x_wconf 80' lang='lat' dir='ltr'>in</span> <span class='ocrx_word' id='word_1_327' title='bbox 1173 2495 1357 2552; x_wconf 75' lang='grc' dir='ltr'><strong><em>Ἴβυκος,</em></strong></span> <span class='ocrx_word' id='word_1_328' title='bbox 1387 2499 1462 2539; x_wconf 84' lang='lat' dir='ltr'>ubi</span> <span class='ocrx_word' id='word_1_329' title='bbox 1485 2505 1602 2543; x_wconf 81' lang='grc' dir='ltr'><strong><em>ἱστο-</em></strong></span> 
     </span>
    </p>
   </div>
   <div class='ocr_carea' id='block_1_11' title="bbox 177 2556 1626 2628">
    <p class='ocr_par' dir='ltr' id='par_1_11' title="bbox 177 2556 1626 2628">
     <span class='ocr_line' id='line_1_43' title="bbox 177 2556 1626 2628; baseline -0.007 -24"><span class='ocrx_word' id='word_1_330' title='bbox 177 2559 394 2617; x_wconf 78' lang='grc' dir='ltr'><strong>ριόγραφον</strong></span> <span class='ocrx_word' id='word_1_331' title='bbox 430 2561 548 2601; x_wconf 87' lang='grc' dir='ltr'><strong>ἰ11ιιιιι</strong></span> <span class='ocrx_word' id='word_1_332' title='bbox 586 2562 790 2628; x_wconf 78' lang='lat' dir='ltr'>appellat,</span> <span class='ocrx_word' id='word_1_333' title='bbox 829 2556 1043 2600; x_wconf 88' lang='lat' dir='ltr'>Rhodium</span> <span class='ocrx_word' id='word_1_334' title='bbox 1069 2569 1168 2597; x_wconf 82' lang='lat' dir='ltr'>vero</span> <span class='ocrx_word' id='word_1_335' title='bbox 1203 2559 1396 2607; x_wconf 80' lang='lat' dir='ltr'>alterum,</span> <span class='ocrx_word' id='word_1_336' title='bbox 1435 2556 1509 2610; x_wconf 86' lang='lat' dir='ltr'>qui</span> <span class='ocrx_word' id='word_1_337' title='bbox 1537 2569 1601 2596; x_wconf 88' lang='lat' dir='ltr'>res</span> <span class='ocrx_word' id='word_1_338' title='bbox 1619 2594 1626 2603; x_wconf 73' lang='lat'>-,</span> 
     </span>
    </p>
   </div>
  </div>
 </body>
</html>
