1656 2976
151 93 255 138 1796
758 86 810 126 X.
871 92 962 131 162.

149 212 231 237 nou
257 198 460 251 ingratam
487 198 693 236 facturum
714 197 938 247 existimo,
970 199 1006 238 si
1031 198 1074 238 in
1096 201 1321 240 Plutarchi
1337 202 1432 241 loco
1462 215 1576 243 men-

147 253 238 291 dam
259 266 344 291 non
366 251 462 292 dico
481 255 705 305 sustulero,
733 253 805 294 sed
822 254 1043 296 ostendero
1062 255 1212 303 saltim,
1241 265 1288 295 ut
1304 256 1576 297 aliiacumen

146 307 308 363 ingenii
327 307 372 346 in
396 322 447 348 eo
471 317 704 349 exerceant.
745 308 847 363 quid
877 324 976 350 sane
1003 311 1132 350 facias
1154 313 1290 364 ἐσθῆτι
1307 315 1480 367 Μηδικῇ
1495 310 1578 355 τιά-

145 381 219 418 ραν
241 364 305 405 καὶ
321 365 473 417 κίταριν
494 361 623 416 ὀρθὴν
642 361 818 423 ἔχούσῃΡ
845 379 953 407 anne
976 367 1106 406 vestis
1135 366 1307 408 Medica
1331 365 1416 406 dici
1437 377 1578 422 potest

143 418 283 475 τιάραν
304 420 372 461 καὶ
391 422 544 474 κίταριν
567 417 698 474 ὀρθὴν
717 421 847 475 ἕχεινὲ)
872 430 962 461 tum
983 435 1152 476 quoque
1179 437 1254 462 cur
1271 419 1409 476 τιάραν
1425 423 1493 465 καὶ
1510 425 1578 466 κί-

142 492 255 530 ταριν
275 474 335 514 ita
361 475 604 530 coniungat,
635 490 729 515 cum
749 490 825 529 pro
848 476 990 518 eadem
1010 491 1053 516 re
1076 487 1252 532 utraque
1277 491 1365 518 vox
1384 477 1487 531 poni
1509 492 1576 518 so·

141 534 256 573 leat?
286 531 530 570 Brissonius
555 530 724 585 quidem
747 532 874 572 huius
894 533 988 572 vitii
1009 532 1120 572 nihil
1141 534 1365 587 quicquam
1385 533 1577 573 animad-

144 587 322 628 vertisse
351 585 537 627 videtur.
580 586 843 627 scribendum
873 587 1019 627 iudico
1042 589 1108 631 καὶ
1136 586 1251 646 τιάρᾳ
1271 591 1426 642 κίταριν
1445 586 1576 642 ὀρθὴν

142 642 310 699 ἐχούσῃ,
350 650 400 680 ut
427 643 581 696 κίταριν
608 643 866 683 Plutarchus
890 643 1166 697 appellaverit
1194 645 1418 684 eminulam
1445 644 1576 686 tiarae

143 710 316 752 partem,
339 711 445 751 quae
463 697 629 752 regibus
646 697 689 736 in
711 702 839 738 altum
861 699 1165 739 circumvoluta
1187 699 1392 754 surgebat.
1432 699 1516 739 hoc
1535 701 1573 740 οἱ

143 754 390 807 displiceat,
429 753 607 792 forsitan
636 753 741 792 illud
760 755 891 808 magis
917 755 1122 794 arriserit:
1153 756 1219 797 καὶ
1234 754 1351 811 τιάρᾳ
1368 754 1492 811 ὀρθῇ,
1519 754 1575 809 ἢν

143 812 210 852 καὶ
229 812 381 863 κίταριν
396 809 573 864 λέγουσι·
605 818 652 847 ut
676 808 787 863 apud
810 811 1021 849 Aristeam
1034 840 1046 857 ,
1073 808 1147 863 τὴν
1165 811 1374 866 λεγομένην
1393 813 1572 863 κίδαριν·

143 866 213 906 cui
242 874 435 905 neutrum
469 864 694 918 placuerit,
734 863 936 904 candidus
963 865 1179 919 impertiat
1211 866 1402 917 meliora,
1432 867 1572 920 qualia

142 922 300 974 primus
332 934 410 976 ego
445 922 684 973 amplectar,
721 919 794 960 sed
815 934 868 960 ne
897 934 982 961 non
1004 921 1194 960 instituti
1216 922 1349 961 nostri
1369 921 1572 962 rationem

141 977 341 1027 habeam,
383 974 434 1014 ad
463 979 682 1015 Auctorem
705 985 893 1015 nostrum
921 976 1070 1026 redeo,
1109 975 1221 1030 apud
1250 991 1370 1030 quem
1398 990 1475 1029 pro
1505 991 1570 1026 eo,

143 1031 255 1088 quod
275 1047 298 1071 a
315 1030 436 1071 nobis
458 1031 501 1069 in
521 1039 644 1069 textu
664 1030 716 1071 ad
737 1032 861 1071 MSS.
889 1031 1011 1072 fidem
1033 1033 1261 1085 repositum
1284 1042 1346 1072 est
1368 1029 1423 1081 ὥς
1438 1030 1569 1086 τιάρα,

143 1091 271 1142 vulgo
292 1086 507 1141 legebatur
526 1083 656 1142 ὥσπερ
674 1086 895 1143 Περσικός*
925 1087 996 1127 sed
1015 1101 1136 1141 quam
1147 1086 1310 1127 reddidi
1324 1088 1571 1141 scripturam

142 1159 228 1184 esse
251 1157 387 1183 veram
401 1153 442 1182 et
455 1157 509 1181 ex
523 1142 655 1195 priori
679 1144 897 1182 Eustatlzii
915 1146 1010 1183 loco
1028 1152 1154 1195 patet,
1173 1142 1282 1197 apud
1297 1156 1416 1196 quem
1434 1144 1571 1196 ipsum

142 1199 248 1239 illud
268 1195 322 1248 ὦς
340 1197 454 1251 τιάρα
474 1199 594 1252 legis.
642 1199 813 1239 memini
832 1209 874 1238 et
893 1198 942 1238 ab
965 1199 1057 1239 aliis
1078 1197 1254 1239 eruditis
1276 1199 1379 1239 viris
1394 1199 1571 1252 scriptu·

141 1271 225 1295 ram
248 1264 399 1295 rectam
420 1269 443 1294 e
467 1253 708 1293 coniectura
729 1268 820 1294 esse
839 1256 1078 1308 repositam.

249 1311 396 1363 πίλος]
426 1309 512 1351 MS.
532 1308 644 1357 πιλὸς
660 1319 708 1349 ut
733 1323 865 1363 saepe.
923 1315 1024 1352 Imm.

252 1364 381 1420 ὥσπερ
402 1364 639 1419 Περσικός.]
671 1364 717 1406 C.
738 1367 790 1406 V.
804 1362 858 1414 ὦς
877 1364 998 1421 παρά.
1029 1363 1220 1405 Salm.c.
1243 1361 1295 1414 ὥς
1312 1362 1432 1419 παρὰ,
1455 1362 1570 1404 uude

141 1422 246 1462 facit
263 1420 316 1469 ὥς
334 1419 449 1474 τιάρα
473 1426 527 1463 Π.
583 1427 725 1459 sznw.

251 1475 381 1531 ὥσπερ
404 1473 608 1532 Περσικὸς.
625 1481 642 1525 J
665 1475 760 1517 MS·
778 1474 1016 1533 Μενάνδρῳ,
1034 1473 1201 1531 ὦςπαρᾶ
1215 1472 1430 1529 Περσικός·
1454 1473 1568 1528 quod

141 1533 310 1574 videtur
329 1531 424 1586 quis
445 1533 669 1571 reformare
688 1532 871 1571 voluisse
893 1531 943 1571 ad
965 1535 1174 1586 vulgatam
1199 1535 1436 1572 lectionem.
1467 1532 1568 1569 Do-

143 1590 255 1628 ctiss.
274 1590 516 1627 Brissonius·
541 1588 598 1626 ita
617 1589 771 1638 locum,
803 1601 922 1640 quem
946 1587 1083 1639 quivis
1099 1586 1208 1627 vidit
1222 1596 1475 1639 corruptum,
1498 1599 1569 1626 re-

141 1646 315 1683 stituere
332 1652 508 1682 conatur
528 1642 602 1683 lib.
622 1643 657 1683 I.
688 1641 738 1683 de
757 1644 856 1694 Reg.
888 1644 997 1683 Pers.
1027 1639 1054 1695 ἦ
1075 1643 1115 1685 δὲ
1136 1644 1279 1685 καυσία
1299 1647 1409 1691 πῖλος
1427 1647 1566 1684 Μακε-

141 1697 300 1748 δονικός
324 1697 430 1751 παρὰ
453 1697 705 1752 Μενάνδρῳ,
737 1696 862 1751 ὥσπερ
889 1701 1086 1753 κυρβασία
1113 1699 1320 1750 Περσικός.
1349 1712 1426 1737 nec
1446 1697 1567 1738 alitet

139 1757 316 1811 profert,
350 1754 468 1808 quasi
490 1766 646 1794 certum
668 1754 726 1792 ita
756 1765 862 1795 esset
880 1753 1114 1807 legendum.
1146 1753 1225 1793 Sed
1247 1769 1338 1793 cum
1358 1765 1459 1807 pace
1474 1767 1566 1792 eru·

140 1812 277 1852 ditiss.
298 1810 379 1850 viri
403 1809 559 1849 dictum
579 1810 651 1857 sit,
681 1810 764 1849 alio
786 1809 910 1850 modo
934 1813 1030 1848 loco
1051 1810 1370 1849 succurrendum
1392 1817 1466 1854 est,
1488 1821 1566 1847 neo

139 1879 222 1908 tam
253 1865 448 1905 audacter
477 1869 625 1905 vocula
654 1874 743 1904 tota
772 1867 966 1920 κυρβασία
995 1864 1064 1905 hic
1092 1866 1258 1904 Polluci
1291 1861 1562 1905 obtrudenda.

140 1921 256 1978 Quid
277 1923 389 1962 enim
402 1921 423 1960 ?
454 1935 574 1975 quam
593 1921 683 1974 ipse
702 1920 862 1961 demum
887 1921 1076 1961 subiicit.
1131 1920 1230 1961 Non
1245 1918 1392 1959 dubito
1411 1932 1475 1958 me
1495 1931 1565 1957 ve-

140 1994 184 2019 re
214 1981 351 2018 locum
387 1977 676 2016 restituturum
707 1977 833 2015 unius
866 1978 1057 2016 literulae
1088 1978 1232 2016 saltem
1258 1973 1561 2016 immutatione.

139 2049 215 2089 pro
236 2050 265 2075 π
282 2046 441 2072 mecum
461 2032 591 2071 facito
614 2049 664 2084 τι,
695 2046 780 2084 quo
800 2031 1101 2084 corrumpendo
1124 2030 1235 2070 nihil
1255 2030 1421 2070 facilius
1437 2027 1563 2069 libra.

139 2091 214 2130 riis
236 2088 469 2142 contingat.
527 2088 668 2129 Scribe
694 2088 834 2141 itaque
854 2088 933 2126 iam
955 2098 1085 2126 totum
1109 2090 1246 2126 locum
1257 2087 1335 2125 ita:
1364 2081 1391 2137 ἦ
1410 2085 1451 2126 δὲ
1466 2101 1562 2126 καυ-

140 2149 218 2196 σία,
247 2146 360 2192 πῖλος
373 2143 652 2192 Μακεδονικὸς
669 2142 776 2196 παρὰ
798 2142 1042 2197 Μενάνδρῳ·
1080 2142 1206 2196 ὥσπερ
1223 2140 1337 2195 τιάρα
1354 2138 1560 2193 Περσικός.

139 2203 261 2241 'siara
280 2200 432 2240 Polluci
461 2211 605 2240 nostro
634 2208 723 2239 erat
743 2198 1000 2238 restituenda
1025 2208 1065 2238 et
1085 2197 1179 2246 hic,
1209 2211 1330 2252 quam
1352 2205 1559 2248 gestamen

140 2257 352 2297 Persicum
382 2256 512 2296 fuisse
547 2256 619 2310 qui
659 2268 744 2293 non
783 2254 927 2304 novit,
965 2257 1102 2306 plures
1120 2257 1235 2293 locos
1257 2251 1364 2306 apud
1390 2253 1580 2302 Βῆσσα-ι,

143 2317 260 2351 nium.
283 2311 420 2350 videat
442 2312 512 2354 lib.
531 2313 589 2356 ll,
611 2311 660 2350 de
681 2311 780 2362 Reg.
801 2310 911 2350 Pers.
943 2324 1019 2362 ego
1041 2312 1180 2349 saltem
1198 2324 1219 2349 e
1238 2309 1398 2348 Polluce
1419 2316 1560 2346 nostro

143 2369 185 2407 id
206 2368 363 2408 indico.
394 2381 514 2418 supra
539 2369 587 2415 V,
609 2363 712 2422 96.ιῖ
737 2366 777 2407 δὲ
792 2364 905 2418 τιάρα
919 2368 985 2407 καὶ
1003 2369 1213 2420 κυρβασία,
1238 2363 1437 2415 Περσικαί.
1463 2363 1561 2415 VII,

143 2424 208 2464 56.
240 2424 306 2464 καὶ
330 2428 493 2476 Περσῶν
524 2425 592 2476 μὲν
621 2425 720 2470 ἴδια,
750 2419 918 2470 κάνδυς,
949 2417 1153 2471 ἀναξυρὶς,
1182 2421 1247 2462 καὶ
1265 2417 1399 2469 τιάρα,
1427 2417 1477 2471 ἣν
1493 2421 1562 2461 καὶ

142 2480 372 2530 κυρβασίαν,
387 2481 450 2520 καὶ
470 2482 633 2533 κίταριν,
643 2479 707 2519 καὶ
724 2482 839 2519 πῖλον
850 2481 1049 2518 καλοῦσιν.
1078 2479 1142 2516 Ita
1159 2476 1266 2515 enim
1282 2475 1387 2514 etibi
1400 2488 1455 2512 ex
1467 2475 1558 2514 MS,

141 2534 332 2590 quamvis
355 2535 397 2572 in
419 2546 620 2576 contextu
643 2533 834 2574 mendose
857 2547 1024 2588 quoque
1045 2530 1167 2587 πιάρα
1187 2531 1373 2578 haberet,
1411 2533 1559 2585 legen-

633 2663 652 2688 9
