1690 2996
138 123 246 166 1214
372 132 377 141 ¹
747 120 823 160 IX.
882 123 973 163 130.

142 233 464 289 prehensionem
474 246 624 284 rernm,
643 245 747 285 quae
757 231 909 270 suntin
923 229 1056 270 anima
1069 231 1218 284 prima,
1236 233 1332 282 πρὶν
1348 233 1403 282 εἷς
1422 250 1569 287 ‹pama-

141 293 230 333 σίαν
243 287 354 342 ἥκειν
374 286 505 330 αὐτῶν
525 290 709 342 ἐκμαγεῖα
722 302 731 311 ·
776 287 1076 326 ἅείίηεαηιεηια
1099 289 1314 328 commode
1337 288 1450 329 dicas
1474 306 1568 330 eum

141 348 332 398 Apuleio,
352 345 426 398 qui
439 343 580 384 eadem
595 345 637 382 in
650 358 692 383 re
703 343 890 382 Romana
905 356 1007 381 voce
1021 343 1080 382 sic
1091 357 1189 382 usus
1202 352 1274 392 est,
1292 343 1446 398 effigies
1467 347 1568 386 istas

142 415 276 441 rerum
297 401 564 440 existentium
580 400 624 438 in
636 398 853 452 phantasia
871 412 943 438 seu
964 397 1267 452 imaginatione
1279 400 1478 453 depictas.
1502 417 1572 440 ea-

145 457 235 497 dem
258 456 346 510 ipsa
363 453 580 495 nominare
601 458 707 494 solet
724 453 824 493 alibi
841 455 1030 506 Synesim
1050 456 1210 496 εἴδωλα·
1241 457 1381 497 εἴδωλα
1391 454 1570 511 ἇπορῤεἴ,

143 518 213 566 τῆς
233 509 486 560 ὑποστάσεως
513 507 644 563 αὐτῶν
666 506 951 552 ἀποπάλλεται·
987 508 1038 548 ad
1060 523 1180 563 quem
1200 513 1338 550 locum
1360 513 1572 564 Nicepho-

145 584 214 608 ras
229 585 241 608 .·
263 572 504 622 χαρακτῆρες
516 569 582 609 καὶ
591 567 772 621 ἐκμαγεῖα
782 563 984 608 καὶτύποι.
998 574 1220 619 utrumque
1234 568 1443 619 nimirum,
1456 571 1574 611 εἴδω-

145 631 214 667 λον
238 635 277 664 et
296 625 514 678 ἐκμαγεῖον,
535 625 595 662 sic
606 621 799 675 usurpari
814 622 982 660 solitum
997 634 1017 658 a
1034 620 1201 660 Platone
1217 631 1258 662 et
1276 623 1433 673 Prot-lo,
1458 623 1573 679 qnod

146 679 337 734 pluribus
361 679 578 718 ostendere
601 692 686 718 non
707 687 768 718 est
788 676 912 715 huius
936 676 1036 716 loci.
1093 677 1223 717 Porro
1252 688 1313 718 est
1336 678 1433 718 inde
1454 681 1573 734 ἐκμα-

145 740 305 793 γειοῦν,
347 733 531 775 eiusdem
558 733 748 774 notionis
777 737 834 789 τῷ
857 730 1073 784 ἐκμάσσειν.
1122 733 1404 774 emendandus
1435 736 1574 789 Hesy-

147 793 286 831 chius:
324 788 656 844 Ἐκμαγειωθεὶς,
687 789 963 840 ἐξομοιωθείς.
990 785 1242 841 Ἐκμαγειοῖ,
1273 787 1474 843 ἕκμᾶσσει·
1512 792 1575 831 sic

148 847 259 888 enim
291 846 522 900 posteriora
551 844 781 898 supplenda
803 853 907 896 puto
938 857 1029 881 cum
1050 843 1207 882 eximio
1227 846 1433 887 Lindano.
1492 847 1575 888 Sed

149 902 199 943 ad
214 906 381 942 alteram
399 900 751 956 significationem
763 909 926 951 tempus
948 912 1025 937 nos
1048 907 1184 945 vocat,
1215 914 1319 954 quae
1330 902 1461 941 rarior
1471 902 1576 943 haee

150 968 233 999 est:
264 972 350 997 non
372 958 535 996 scilicet
557 953 734 1009 effigiem
755 957 898 993 saltem
920 966 992 992 seu
1015 967 1246 1006 expressam
1271 955 1493 1010 imaginem
1515 959 1577 1000 ἐκ-

148 1020 308 1068 μαγεῖον
325 1013 486 1066 signat,
516 1010 587 1050 sed
611 1021 652 1049 et
674 1010 787 1049 illam
807 1010 1023 1062 ipsammet
1042 1023 1148 1059 rem,
1182 1023 1290 1064 quae
1311 1021 1383 1051 aut
1399 1010 1578 1067 effigiem

150 1069 320 1122 recepit,
351 1077 422 1106 aut
444 1068 533 1108 eius
554 1065 820 1120 recipiendae
843 1079 974 1118 capax
996 1075 1072 1116 est,
1093 1079 1226 1118 eaque
1245 1066 1351 1106 mihi
1371 1067 1579 1122 significa-

151 1126 213 1165 tio
239 1141 260 1164 a
283 1123 474 1163 Doribus
495 1137 681 1162 manasse
702 1121 882 1172 videtur,
913 1121 1121 1174 siquidem
1142 1121 1175 1160 ii
1198 1122 1284 1161 sint
1305 1124 1444 1177 primi,
1475 1138 1580 1179 quos

152 1183 210 1220 ita
230 1185 285 1238 τῷ
305 1182 494 1235 ἐκμαγείῳ
511 1193 607 1218 usos
632 1179 764 1216 fuisse
782 1177 994 1230 reperiam.
1033 1176 1295 1230 philosophi,
1327 1179 1399 1232 qui
1422 1180 1473 1219 de
1495 1182 1580 1232 Py-

153 1238 358 1288 thagorae
379 1235 578 1276 convivio
604 1233 851 1287 prodierunt
869 1262 882 1280 ,
913 1233 1124 1271 materiam
1149 1246 1236 1272 esse
1257 1234 1494 1277 statuebant
1513 1237 1579 1278 ἐκ-

152 1299 313 1347 μαγεῖον
329 1293 396 1333 καὶ
418 1292 574 1343 ματέρα,
602 1287 772 1331 τιθάναν
790 1305 831 1330 τε
851 1289 916 1329 καὶ
933 1282 1167 1340 γεννατικυῖν
1183 1293 1252 1337 τοῖς
1269 1292 1401 1341 τρίτας
1421 1289 1578 1339 οὐσίας.

154 1349 277 1389 verba
299 1358 397 1386 sunt
425 1348 584 1386 Timaei
598 1347 721 1383 Locri
743 1358 827 1382 non
850 1346 996 1397 procul
1027 1344 1155 1383 initio
1183 1345 1316 1384 libelli
1338 1349 1427 1399 περὶ
1447 1351 1581 1400 ψυχᾶς

152 1404 310 1455 κόσμω·
341 1413 382 1442 et
408 1403 537 1442 vinne
555 1410 701 1440 exacte
723 1399 903 1445 novisse,
933 1398 1034 1452 quid
1058 1413 1130 1452 per
1145 1400 1582 1456 gupaydovjntelligat

155 1460 336 1500 eximius
371 1461 554 1507 Locrus,
598 1460 690 1511 lege
721 1469 874 1509 quaeso
895 1464 936 1494 et
965 1454 1156 1506 attende,
1190 1470 1293 1508 quae
1312 1457 1512 1499 tibi‘mox
1534 1459 1581 1497 in

155 1530 205 1556 eo
232 1515 446 1570 sequentia
479 1527 653 1566 ponam:
693 1512 900 1563 δεξαμέναν
924 1509 997 1564 γὰρ
1026 1509 1074 1552 τὰ
1101 1507 1324 1565 ὁμοιώματα
1345 1516 1400 1562 εἰς
1421 1512 1580 1560 ἕαυτᾶν,

155 1573 221 1614 καὶ
239 1569 325 1613 οἷον
345 1569 642 1622 ἆναμαξαμέναν
659 1565 857 1609 ἀποτελεῖν
873 1565 1002 1608 πάντα
1020 1567 1066 1607 τὰ
1085 1566 1318 1622 γενναίματα.
1357 1567 1583 1623 ὁμοιώματα

157 1627 262 1666 dicit
280 1641 385 1680 quae
397 1627 561 1679 Synesio
581 1634 786 1663 vocantur
803 1625 953 1672 εἴδωλα,
976 1636 1163 1676 quaeque
1182 1625 1391 1677 prodeunt
1404 1625 1583 1680 aequasi

155 1681 371 1737 profluunt
390 1683 431 1723 ἐκ
455 1686 508 1723 τῶ
526 1684 652 1723 νοατῶ
668 1681 980 1734 παραδείγματος
1000 1679 1076 1720 τῶν
1094 1682 1374 1734 γεννωμένων,
1407 1681 1520 1734 quod
1540 1690 1583 1722 et

157 1736 347 1795 ἆγένατον
369 1749 408 1778 et
428 1735 613 1779 ἆκίνατον
642 1738 827 1775 Timaeus
848 1737 1041 1788 appellat.
1070 1749 1146 1774 nec
1169 1737 1290 1776 aliter
1319 1737 1481 1776 ocellus
1497 1739 1583 1776 Lu.

158 1810 312 1843 canae,
357 1794 424 1833 cui
455 1798 561 1846 σῶμα
592 1806 664 1831 seu
696 1805 870 1843 corpus,
901 1790 1012 1860 quod
1044 1788 1143 1843 ὅλην
1177 1791 1345 1832 dixerat
1380 1796 1582 1842 Timaeus,

157 1850 344 1903 πάνδεχες
367 1849 522 1888 dicitur
543 1849 608 1890 καὶ
629 1848 832 1901 ἐκμαγεῖον
871 1851 990 1899 αυτῆς
1013 1849 1298 1901 τῆςγενέσεως·
1330 1849 1584 1887 Scholastica·

160 1907 299 1946 dicere
322 1914 460 1944 amant
486 1905 724 1943 subiectum.
762 1903 810 1941 ab
833 1902 899 1941 his
928 1903 1068 1955 itaque
1089 1902 1304 1944 doctrinae
1330 1905 1584 1957 Pythagori-

160 1977 232 2002 cae
255 1960 516 2000 antistitibus
541 1961 669 1997 Plato
692 1959 809 1998 vocis
831 1959 1034 2012 ἐκμαγεῖον
1053 1956 1165 1997 illam
1191 1960 1407 2000 notionem
1421 1969 1484 2000 est
1495 1974 1584 1998 mu·

162 2028 318 2058 tuatus.
367 2016 533 2069 insigne
553 2014 612 2054 rei
633 2013 924 2053 documentum
950 2015 1020 2053 ille
1044 2015 1238 2054 Platonis
1256 2016 1298 2054 in
1331 2018 1494 2054 Timaeo
1514 2017 1586 2055 lo-

162 2089 248 2124 cus,
282 2086 402 2126 quem
426 2070 539 2110 haud
561 2069 685 2109 dubie
706 2083 758 2108 ex
778 2070 928 2122 positis
950 2068 1072 2108 modo
1094 2070 1339 2125 philosophi
1358 2073 1586 2111 Lacr-iver·

161 2130 225 2168 bis
253 2127 476 2181 expressit:
516 2127 721 2180 ἐκμαγεῖον
749 2124 821 2179 γὰρ
853 2124 974 2177 φύσει
1001 2127 1119 2166 παντὶ
1147 2133 1267 2168 κεῖται
1292 2124 1527 2180 κινούμενόν
1545 2142 1586 2169 τε

163 2187 228 2228 καὶ
251 2179 644 2238 διασχηματιζόμενον
660 2179 739 2222 ὖπό
750 2186 825 2222 τῶν
846 2180 1066 2223 εἰσιόντων·
1099 2181 1141 2220 in
1163 2181 1289 2229 hisce.
1304 2197 1394 2221 cum
1409 2183 1492 2222 vim
1512 2196 1586 2220 vo·

165 2243 225 2280 cis
252 2242 456 2295 ἐκμαγείου
477 2242 602 2278 altera
624 2238 780 2275 Latina
804 2235 1039 2289 desperaret
1061 2247 1157 2290 apte
1177 2237 1295 2278 reddi
1317 2251 1440 2291 posse
1465 2237 1586 2276 Chal.

165 2298 318 2344 cidens,
353 2294 534 2350 eleganti
547 2291 828 2344 descriptione
839 2302 879 2330 et
896 2294 956 2332 rei
976 2303 1017 2332 et
1037 2293 1232 2332 vocabuli
1246 2293 1461 2346 ingenium
1474 2306 1586 2331 com-

165 2355 314 2407 plexus
348 2361 422 2392 est.
466 2350 622 2390 delecta
645 2361 799 2400 ponere
827 2347 965 2388 lubet:
1004 2357 1141 2400 estque
1158 2364 1254 2388 usus
1278 2351 1362 2388 eius
1379 2345 1586 2403 (naturae)

166 2410 314 2448 similis
334 2409 450 2445 molli
468 2407 700 2455 cedentique
718 2405 927 2450 materiae,
957 2407 1002 2441 in
1016 2419 1138 2456 quam
1152 2407 1446 2455 imprimuntur
1464 2406 1588 2441 varia

166 2464 412 2515 signacula.-
450 2477 534 2501 non
565 2475 587 2500 e
615 2460 782 2500 Platone
813 2459 893 2497 alia
928 2462 1044 2511 plura
1072 2473 1291 2514 congerere
1321 2460 1486 2498 animus
1510 2469 1587 2502 est.

166 2520 366 2570 Denique
403 2518 664 2569 sophronisci
692 2514 824 2553 filium
853 2514 924 2553 alii
955 2515 1150 2567 plurimi,
1191 2514 1414 2568 praecipue
1448 2514 1485 2553 si
1514 2514 1588 2568 qui

167 2574 314 2615 summi
333 2573 602 2614 Atheniensis
623 2571 804 2610 lectione
826 2570 1140 2620 delectarentur,
1157 2570 1326 2624 sequuti
1348 2579 1460 2614 sunt.
1491 2582 1587 2623 pro·
