1716 3016
159 122 241 168 966
766 120 842 162 IX.
901 122 967 165 57.

162 232 336 286 Hesych.
361 236 426 274 vel
453 233 759 274 Polemarchum
778 232 922 287 potins
949 233 1060 287 apud
1088 233 1349 287 Ηιςγοῆἰιινη,
1380 232 1454 288 qni
1474 232 1581 272 dicit

162 294 265 341 μνᾶν
286 289 326 331 δὲ
354 290 531 343 λέγεσθαι
549 287 643 338 τούς
662 290 774 330 πέντε
790 293 981 342 χρυσοῦς·
1009 291 1237 342 posteriora
1253 289 1451 330 videntur
1472 291 1581 328 velle

164 349 355 397 quintam
367 354 526 396 partem
549 347 685 383 minae
704 353 894 382 staterem
917 359 944 384 a
962 345 1286 396 ponderantibus
1306 345 1393 382 dici
1409 346 1580 393 minam,

163 399 279 453 quod
307 399 476 453 quidem
501 413 523 438 a
546 399 741 439 lectionis
771 403 964 455 vulgatae
984 400 1174 454 vestigiis
1204 399 1374 453 longius
1401 397 1580 439 recedit:

164 453 262 494 vide
281 453 457 494 eundem
482 454 533 495 de
553 455 679 493 Modo
707 455 826 496 Usur.
847 469 941 510 pag.
967 469 1033 508 7¹·
1056 455 1132 494 ubi
1154 464 1289 495 servat
1308 457 1448 494 locum
1469 454 1582 492 Pol-

166 511 275 548 lucis
302 509 635 560 inemendatum,
675 518 717 550 et
742 508 894 550 iterum
923 525 1017 564 pag.
1043 509 1135 552 254.
1151 509 1224 560 τήν
1241 513 1347 564 μνᾶν
1365 513 1436 563 τῆς
1453 507 1583 563 ῥοπῆς

160 564 283 606 docet
293 564 448 604 Pollux
461 566 637 604 Graecis
657 569 824 619 στατῆρα
842 566 1054 619 appellari.
1109 573 1252 605 Kumm.

270 617 292 663 ὅ
322 621 364 662 δὲ
385 624 555 675 χρυσοῦς
582 619 742 674 στατὴρ,
771 621 876 674 etc.]
915 621 1030 660 Duri
1050 621 1153 676 quid
1173 635 1221 660 ac
1242 619 1429 660 difficilis
1451 618 1581 669 habet

159 675 232 714 hic
252 677 392 726 locus,
426 675 538 730 quod
557 676 857 717 animadvertas
875 677 976 717 licet
994 691 1048 717 ex
1066 676 1363 716 diversissimis
1385 689 1508 728 super
1527 687 1578 715 eo

161 729 498 770 doctissimorum
540 730 758 771 hominum
794 732 1014 771 sententiis
1030 763 1042 784 ,
1080 745 1186 787 quae
1224 732 1374 771 mirum
1409 730 1578 784 quantis

159 785 355 828 divortiis
371 800 395 825 a
415 799 459 826 se
481 785 663 827 invicem
680 787 723 826 in
744 787 1018 827 remotissima
1036 785 1270 827 discedant:
1300 795 1343 827 et
1357 788 1579 841 plerosque

158 851 310 892 tamen,
338 841 376 881 si
395 855 482 881 non
504 855 661 891 omnes,
692 845 1016 897 qualemcunque
1026 841 1190 882 tandem
1211 840 1264 881 ad
1280 856 1374 883 eum
1393 850 1467 880 aut
1482 840 1579 880 iun-

158 895 370 937 strandum
391 905 466 936 aut
485 896 785 936 emendandum
806 897 1024 936 attulerint
1043 896 1320 951 diligentiam,
1351 910 1448 936 vero
1462 894 1578 936 aber·

155 966 267 991 rasse
288 951 557 1002 existimastis
575 965 664 992 sese
680 953 902 991 frustratos
922 953 1064 999 fuisse,
1079 951 1177 990 dum
1197 951 1379 1006 graviter
1397 951 1444 990 in
1460 949 1578 990 hisce

158 1007 455 1060 caespitantem
474 1006 951 1061 Onomasticographum
971 1017 1157 1046 nostrum
1176 1021 1263 1046 non
1281 1006 1447 1048 vident.
1469 1005 1576 1045 Cum

158 1062 302 1116 itaque
323 1076 386 1102 res
411 1061 468 1103 sit
498 1062 676 1102 alicuius
696 1062 919 1112 momenti,
958 1062 1223 1102 immoremur
1240 1061 1474 1117 paulisper,
1507 1060 1578 1100 vi-

158 1117 408 1172 deamusque
432 1116 590 1170 primo,
623 1131 729 1171 quae
754 1118 903 1172 cuique
923 1117 1181 1158 eruditorum
1201 1117 1418 1158 bominum
1434 1114 1576 1156 sedeat

158 1173 383 1227 sententia.
450 1172 656 1213 Literatae
698 1172 889 1212 cohortis
922 1173 1160 1227 primipilus
1195 1173 1354 1224 Ioseph.
1394 1172 1577 1223 Scaliger

157 1224 454 1270 eliminandam
487 1237 627 1269 censet
654 1231 848 1269 voculam
882 1233 1071 1281 χρυσοῦς,
1104 1242 1233 1283 eaque
1262 1228 1424 1268 demum
1440 1227 1572 1267 eiecta

154 1282 444 1337 planissimum
463 1283 647 1336 relinqui
669 1297 833 1323 sensum
853 1293 988 1337 putat.
1027 1284 1200 1323 referam
1223 1282 1326 1323 haec
1353 1283 1467 1322 illius
1486 1295 1575 1323 vcr-

155 1339 232 1378 ba:
271 1340 330 1377 Et
355 1338 688 1391 quemadmodum
713 1338 915 1378 Hebraeis
943 1338 1069 1378 siclus
1089 1338 1251 1390 pondus
1272 1346 1575 1378 momentaneae

155 1395 320 1441 lancis-,-
358 1397 422 1432 ita
452 1397 580 1432 etiam
612 1393 754 1447 στατήρ
778 1395 963 1444 Atticis,
992 1397 1065 1447 qui
1084 1397 1206 1433 aliter
1220 1398 1311 1448 μνᾶ.
1345 1393 1471 1447 ponit
1485 1401 1572 1431 tum

155 1464 204 1489 ac
233 1447 424 1488 emendat
447 1447 633 1489 Pollucis
666 1449 798 1489 nostri
831 1449 957 1490 verba
988 1450 1220 1504 iterumque
1247 1449 1351 1489 haec
1379 1448 1571 1487 subiicit:

153 1506 366 1558 Designat
382 1507 490 1543 enim
510 1505 698 1556 (Pollux)
716 1509 821 1558 μνᾶν
841 1505 1039 1557 duplicem
1061 1519 1166 1544 esset
1196 1506 1310 1544 alias
1325 1507 1434 1543 enim
1442 1500 1573 1556 ῥοπὴν

154 1564 240 1599 sive
275 1561 408 1599 lancis
441 1570 743 1599 momentaneae
762 1561 946 1611 pondus:
995 1562 1105 1599 alias
1130 1557 1301 1615 νόμισμα
1323 1559 1571 1613 significari.

153 1616 210 1659 Et
229 1614 332 1655 haec
361 1614 528 1668 quidem
558 1625 620 1656 est
642 1615 811 1655 maximi
838 1616 954 1655 illius
974 1615 1056 1656 viri
1083 1616 1248 1668 opinio,
1276 1630 1300 1657 a
1323 1629 1405 1669 qua
1426 1614 1472 1653 iri
1491 1613 1572 1653 alia

155 1670 296 1711 omnia
319 1671 498 1709 Snellius
521 1671 631 1719 abit,
663 1672 733 1725 qui
753 1671 894 1711 nescio
915 1671 1065 1724 quibus
1085 1670 1290 1720 fidiculis,
1321 1683 1457 1724 quave
1479 1683 1572 1708 ma-

152 1726 368 1769 chinarum
394 1725 445 1765 vi
472 1740 523 1765 ex
542 1725 658 1767 hisce
676 1726 852 1766 Pollucis
877 1727 1014 1766 nostri
1043 1725 1181 1766 verbis
1209 1725 1441 1781 procudere
1462 1724 1571 1764 niti-

151 1791 221 1820 tur
245 1780 481 1820 inauditum
513 1782 701 1836 antiquis
730 1791 921 1821 staterem
953 1781 1110 1836 viginti
1129 1796 1177 1821 ac
1208 1782 1395 1836 quinque
1417 1779 1570 1831 drach·

149 1851 321 1882 marum,
351 1845 394 1875 et
411 1835 603 1876 hauserat
621 1836 816 1889 quiddam
838 1836 964 1876 huius
981 1851 1080 1876 suae
1098 1837 1406 1890 explicationis,
1430 1834 1566 1882 credo,

151 1905 204 1931 ex
224 1891 377 1941 Hosto,
411 1891 530 1929 cuius
554 1892 673 1931 verba
697 1891 853 1931 delecta
875 1892 919 1930 in
942 1907 1062 1931 suum
1083 1890 1431 1932 commentarium
1449 1900 1569 1930 retu-

149 1947 205 1986 lit
224 1947 569 1999 Iungermannus.
615 1955 658 1985 at
673 1946 811 1986 hercle
834 1961 919 1985 non
941 1957 1097 1999 exputo
1115 1947 1264 2001 quibus
1281 1945 1503 1987 levissimis
1521 1959 1569 1984 ac

152 2001 310 2055 ineptis
332 2000 565 2040 rationibus
583 2001 719 2040 adacti
741 2002 786 2040 in
808 2001 911 2041 haec
928 2016 971 2041 se
992 2002 1112 2042 devia
1134 2001 1228 2042 dare
1249 2002 1466 2056 potuerint
1479 2015 1567 2040 ern·

151 2056 232 2095 diti
250 2056 345 2106 viri,
371 2054 555 2095 Snellius
579 2056 813 2109 praecipue,
840 2057 912 2109 qui
945 2057 1029 2096 sibi
1052 2056 1146 2096 heic
1174 2057 1218 2095 in
1247 2057 1424 2110 plurima
1450 2065 1567 2110 parte

148 2108 292 2166 parum
323 2121 507 2163 constat,
547 2110 745 2164 illiusque
775 2112 881 2150 hanc
910 2112 1152 2166 opinionem
1180 2111 1302 2152 docte
1325 2111 1476 2152 revicit
1501 2111 1568 2151 vir

150 2166 401 2207 eruditionis
427 2165 621 2206 subactae
644 2166 680 2206 Ι.
703 2167 861 2209 Frider.
891 2168 1121 2206 Gronovius
1140 2166 1191 2208 de
1206 2168 1351 2208 Pecun.
1379 2168 1422 2205 V
1417 2176 1468 2209 et.
1488 2165 1563 2206 lib.

147 2222 230 2262 ΙΙΙ.
248 2236 283 2267 ,0.
304 2236 343 2275 7,
365 2222 485 2261 cuius
509 2220 670 2262 demum
687 2225 815 2275 longe
839 2222 1184 2275 praestantissimi
1205 2223 1285 2262 viri
1315 2220 1565 2262 sententiam

144 2287 354 2331 postremo
374 2280 470 2316 loco
487 2277 671 2330 propriis
693 2274 825 2330 ipsius
850 2291 1080 2330 expressam
1101 2277 1237 2316 verbis
1255 2291 1342 2317 nou
1362 2275 1563 2317 invidebo

145 2332 251 2380 tibi,
295 2331 488 2372 benivole
516 2333 693 2372 Lector:
738 2333 940 2382 Quorum,
980 2331 1141 2384 inquit,
1180 2337 1344 2383 (eorum
1364 2330 1562 2371 nimirum

147 2391 258 2440 quae‘
283 2401 334 2426 ex
354 2389 536 2427 Pollucis
563 2386 645 2426 hoc
676 2390 771 2426 loco
799 2390 995 2427 retulerat
1013 2397 1054 2424 et
1078 2388 1262 2438 Ioseplio,
1295 2386 1382 2440 qui,
1411 2401 1502 2425 cum
1524 2387 1566 2427 οἱ

142 2442 280 2481 LXX.
314 2442 531 2481 venditum
553 2441 756 2482 dixissent
780 2443 989 2495 Iosephum
1007 2443 1126 2482 εἴκοσι
1144 2446 1312 2495 χρυσῶν,
1341 2441 1564 2494 scripserat

143 2500 269 2540 εἴκοσι
289 2498 418 2549 μνῶν)
436 2512 508 2548 ego
526 2499 636 2536 lianc
652 2496 891 2536 seutentiam
902 2512 982 2536 esse
994 2511 1151 2548 cense0‚·
1180 2505 1375 2534 staterem
1391 2510 1562 2535 aureum

134 2554 306 2606 pendere
332 2567 383 2591 ac
409 2552 499 2592 dici
536 2557 666 2592 etiam
693 2554 784 2593 auri
813 2553 989 2594 minam.-
1033 2565 1131 2591 nam
1155 2560 1203 2591 ut
1230 2554 1429 2592 talentum
1452 2552 1557 2602 auri,
