1690 2996
735 113 818 157 IX.
860 117 943 158 83.
1448 113 1555 155 1078

130 227 319 272 n'in‘tm
390 240 444 267 uc
472 225 663 266 felicium
691 225 998 282 quietissimam
1028 223 1276 278 descripsit,
1305 222 1380 262 nbi
1404 230 1557 261 cuncta

130 293 276 340 pacate
302 239 546 337 afflantur.
594 296 807 321 nummum
834 282 978 334 itaque
1008 281 1082 332 qui
1102 280 1326 333 plurimum
1351 277 1462 330 apud
1485 291 1557 317 eos

130 338 319 391 valebat,
346 335 624 391 κραπάταλλον
643 337 794 387 finxit3
822 337 932 376 absit
957 338 1067 376 enim
1090 350 1186 376 vere
1207 338 1330 375 talem
1349 333 1557 384 extitisse,

131 392 267 450 eoque
283 393 445 444 dictuiu
463 393 634 432 nomine
654 407 865 432 nummum
884 405 1136 441 censeamus,
1165 401 1207 432 et
1226 390 1261 430 si
1281 390 1393 430 forte
1411 388 1557 427 Gram-

131 441 283 492 inbeioi
299 447 477 503 νόμισμα
498 457 737 502 exponant,
769 448 814 487 id
839 462 889 487 ex
910 447 1171 488 Ploerecratis
1191 455 1367 486 tractum
1396 444 1560 497 Crapa-

132 499 262 548 inlus.
296 504 370 546 sed
390 514 526 544 tamen
545 504 793 543 vilissimum
817 502 1016 558 quodque
1036 517 1127 542 cum
1150 499 1428 556 κραπάταλλον
1446 499 1560 540 desi-

133 559 282 618 'gnasse
310 559 482 610 ducam,
518 558 789 599 monentibus
821 559 1143 609 Grammaticis,
1175 568 1216 598 et
1239 556 1403 596 minimi
1431 554 1559 609 pretii

133 616 470 670 vilissimumque
501 624 646 655 notare
675 615 819 669 potuit
840 627 1075 665 nummum,
1105 627 1184 667 qua
1203 613 1368 652 ratione
1383 610 1460 666 ypu'
1476 626 1560 651 ex-

133 670 309 727 ponitur
325 667 428 720 ἒῖδος
453 673 494 714 tt*
512 675 662 725 μικροῦ
684 673 798 723 uculo
829 686 921 719 αιος
941 669 993 709 ab
1017 669 1206 724 antiquis
1229 668 1281 708 ad
1300 668 1561 720 Aristopha-

134 742 226 767 neus
246 727 432 773 Graeca.
461 725 694 781 codemque
711 690 837 767 morfia
855 729 979 776 στίλη·
1010 726 1073 765 sic
1094 725 1238 778 itaque
1254 726 1424 777 ψωθίας
1445 737 1562 777 quo·-

135 796 218 836 quc
245 791 289 824 ct
315 779 557 835 αικκᾶβους,
588 791 715 836 prout
744 781 967 836 utrobique
993 780 1214 836 legendum
1240 780 1360 822 MSS.
1392 779 1561 828 docent,

136 837 233 888 ficta
250 839 389 880 facero
409 852 671 878 nummorum
690 838 862 879 nomina
887 838 1110 879 existumo.
1146 846 1190 878 et
1208 836 1259 877 de
1278 837 1424 889 ψωθίᾳ
1454 834 1562 874 bene

138 903 225 944 est,
254 892 369 948 quod
398 893 615 932 remittant
642 906 720 933 nos
759 893 1103 933 commentatam
1128 892 1261 932 nostri
1281 892 1331 931 ad
1358 891 1454 939 Vll,
1493 891 1560 930 24.

138 948 190 989 ad
248 962 326 989 nae
353 950 548 989 Pollucis
578 947 678 988 vide
711 947 764 989 de
794 951 973 1002 ψωθίοις
1003 949 1182 1001 aliisque
1200 943 1408 988 similibus
1432 946 1559 986 dicta.

137 1005 196 1044 Et
258 1018 306 1043 ac
335 1003 501 1058 quidem
534 1003 841 1057 elegantissime
874 1005 1038 1044 ratione
1068 1006 1334 1043 Pherecrates
1360 1002 1564 1057 perstrin-

139 1060 252 1099 xisse
273 1058 414 1113 potnit
434 1057 736 1112 perditissimos
756 1058 1027 1099 Atheniensis
1046 1060 1196 1113 populi
1216 1058 1415 1099 ditiorum
1435 1071 1566 1110 prae-

143 1115 266 1168 cipue
295 1128 453 1162 mores,
483 1114 557 1168 qui
584 1114 722 1153 omnia
743 1113 1064 1169 pessumdabant
1084 1124 1210 1168 atque
1229 1113 1564 1166 corrumpebant,

142 1184 249 1224 quae
265 1171 413 1223 utique
446 1169 615 1209 materia
644 1170 687 1208 in
712 1170 841 1209 nullis
867 1184 954 1209 non
976 1170 1175 1225 agebatur
1192 1170 1349 1209 fabulis
1373 1171 1564 1210 Cornicis.

141 1237 184 1267 ct
204 1239 295 1264 cum
323 1222 426 1265 haec
457 1225 557 1264 talia
583 1223 762 1265 Athenis
788 1225 832 1264 in
857 1224 974 1265 hisce
995 1226 1115 1266 terris
1135 1235 1420 1278 patrarentur,
1451 1223 1566 1278 apud

141 1281 300 1321 inferos
329 1289 426 1334 post
453 1283 689 1320 exantlatos
715 1279 843 1320 huius
867 1281 978 1321 vitae
995 1280 1154 1321 labores
1173 1280 1467 1335 redditumque
1487 1294 1565 1318 na·

139 1344 261 1376 turae
288 1334 473 1375 debitum
506 1334 672 1388 placida
699 1345 819 1376 eraut
849 1346 976 1390 atque
993 1337 1219 1390 tranquilla
1236 1337 1400 1384 omnia,
1431 1335 1568 1374 tanti-

140 1404 223 1445 que
250 1404 337 1431 non
366 1404 469 1446 opes
498 1390 762 1438 aestimatae,
809 1401 858 1431 ut
897 1394 1146 1445 crapatallus
1181 1392 1306 1432 etiam
1334 1391 1567 1431 vilissimae

138 1446 376 1491 rei'uornen
408 1459 610 1497 summae,
650 1460 756 1501 quae
787 1447 949 1488 valebat
976 1448 1020 1486 in
1053 1447 1128 1498 iis,
1158 1457 1352 1488 monetae
1379 1447 1568 1488 effecerit

138 1501 335 1556 Pretium.
378 1511 422 1543 et
442 1501 595 1541 talibus
617 1516 716 1556 ergo
740 1503 928 1557 pluribus
948 1503 1166 1543 bominum
1195 1502 1367 1543 ridenda
1387 1504 1568 1558 sugilla-

140 1556 208 1598 vit
237 1556 466 1610 desideria,
491 1556 664 1598 adiectis
697 1558 901 1607 forsitan,
928 1573 1034 1614 quac
1055 1558 1207 1613 impios
1228 1559 1451 1599 manebant
1472 1567 1568 1610 post

139 1613 294 1664 yitam,
323 1613 486 1666 poenis.
527 1627 660 1668 neque
687 1613 812 1655 video
844 1624 975 1659 certe,
1004 1614 1119 1668 quod
1150 1614 1266 1654 aliud
1292 1615 1414 1655 rebus
1451 1613 1567 1653 hisce

141 1667 402 1710 commodum
432 1668 693 1709 comminisci
726 1670 864 1724 possis
902 1680 1215 1725 argumentum,
1268 1679 1310 1711 et
1335 1670 1439 1709 haec
1467 1668 1565 1716 tibi,

141 1738 286 1779 spero,
313 1724 489 1764 certiora
508 1725 658 1764 faciam
678 1736 804 1781 atque
824 1727 1022 1775 clariora,
1052 1726 1130 1765 hac
1158 1729 1290 1766 altera
1317 1726 1361 1765 in
1384 1724 1567 1766 medium

141 1783 301 1836 prolata
329 1780 574 1820 coniectura
603 1795 716 1826 mea,
756 1782 875 1820 cuius
905 1780 1011 1821 mihi
1039 1781 1264 1836 aliquando
1288 1782 1438 1821 titulos
1461 1794 1570 1835 qua-

140 1835 318 1877 rundam
334 1836 564 1875 fabularum
586 1835 861 1892 investiganti
881 1846 1004 1892 atque
1026 1838 1204 1892 agitanti
1227 1839 1271 1876 in
1290 1847 1469 1876 mentem
1493 1850 1570 1875 ve-

141 1893 233 1933 nit:
260 1892 562 1931 Callimachum
580 1891 765 1934 hausisse
783 1893 981 1932 nimirum
1003 1894 1269 1946 praecipuam
1291 1908 1344 1934 ex
1365 1893 1442 1931 hac
1463 1891 1569 1932 Phe-

142 1950 312 1988 rect-atie
334 1947 473 1986 fabul·
512 1948 844 1987 Gholiamborum
873 1963 1040 1988 suorum
1071 1959 1145 1988 aut
1184 1948 1397 1988 cuiusdam
1424 1951 1569 1986 saltem

140 2003 272 2058 partis
306 2002 594 2056 hypothesin,
627 2003 671 2041 in
703 2004 858 2058 quibus
882 2005 1014 2043 Poeta
1045 2004 1273 2045 tradiderat
1301 2004 1351 2044 de
1371 2013 1481 2042 statu
1502 2014 1572 2041 at*

142 2073 225 2114 que
239 2059 469 2101 inferorum
490 2059 706 2102 felicitate.
743 2070 787 2100 et
810 2070 1096 2114 opportunum
1116 2061 1308 2113 superius
1330 2060 1412 2099 hoc
1431 2059 1570 2111 capite

143 2117 296 2155 Noster
314 2113 493 2154 adduxit
508 2113 583 2157 Ἐκ
599 2117 696 2165 τῶν,
731 2115 826 2158 ὅκου
840 2116 938 2167 βοῦν
956 2115 1146 2169 κολλύβου
1169 2115 1454 2169 ammineum,
1482 2114 1573 2152 Sic-

141 2180 192 2210 ut
210 2169 533 2210 emendavimus.
593 2171 864 2210 Grammatici
892 2185 1017 2223 porro
1061 2172 1309 2220 observant,
1344 2170 1456 2224 quod
1486 2169 1572 2208 sibi

143 2227 293 2267 famam
324 2226 589 2266 Pherecrates
616 2227 921 2280 comparaverit
939 2242 1024 2267 non
1048 2229 1194 2282 paucis
1212 2228 1334 2267 rebus
1354 2225 1478 2264 novis
1499 2239 1572 2264 re-

142 2282 273 2334 pertis
298 2290 340 2321 et
361 2283 406 2320 in
431 2295 594 2322 scenam
612 2283 802 2337 prolatis,
833 2281 1045 2338 γενόμενος
1072 2279 1274 2336 enipeum}
1301 2279 1470 2336 μύθων·
1499 2294 1571 2319 eos

145 2336 243 2379 vide
262 2340 355 2392 περῖ
382 2341 612 2390 κωμῳδίας·
643 2348 684 2380 et
706 2338 749 2377 id
768 2339 935 2392 quidem
955 2340 1062 2389 huc,
1087 2349 1136 2378 ut
1170 2349 1287 2391 puto.
1325 2337 1431 2376 facit
1460 2335 1573 2375 haud

146 2407 314 2446 parum,
342 2393 549 2447 siquidem
572 2394 662 2433 eius
681 2395 763 2433 toti
781 2395 1063 2449 Κραηάιαλλοι
1079 2395 1239 2432 fuerint
1259 2394 1417 2447 μῦθος,
1449 2392 1575 2431 ficta-

149 2461 230 2500 qne
248 2448 300 2487 ad
320 2463 462 2488 verum
479 2450 635 2490 fabula.
692 2451 761 2488 Ex
779 2453 1039 2490 Pheret-ratis
1060 2460 1198 2488 autem
1223 2450 1475 2500 Crapatallis
1504 2462 1575 2486 va-

150 2502 283 2552 rinsin
316 2505 614 2545 Grammaticis
656 2516 802 2546 extant
852 2507 1072 2558 fragmina.
1129 2503 1239 2557 apud
1276 2504 1575 2556 Aristophanis

154 2558 511 2606 Commentatorem
549 2562 766 2617 antiquum
805 2562 858 2601 ad
890 2564 1071 2614 Vespas:
1102 2559 1164 2604 Ὦ
1197 2559 1360 2604 δέσποτ’
1390 2562 1574 2613 ’Λγυιεῡζ
