1690 2996
764 91 818 133 X.
877 97 944 136 38.
1460 91 1569 132 1377

145 203 347 261 quendam
366 202 544 244 Athenis
562 215 665 251 esse,
694 201 888 244 subiicit:
917 202 986 244 καὶ
1005 197 1227 254 Λακιάδης,
1250 196 1417 253 Ὀρθῶς
1433 215 1476 254 γε
1494 195 1569 252 τὴν

142 259 274 356 {nimir
300 258 650 314 ὁδοιπορήκαμεν·
693 273 740 298 ac
766 258 802 297 si
833 272 984 298 nomen
1010 257 1054 295 id
1076 267 1180 296 esset
1202 256 1399 295 Auctoris
1420 255 1568 293 cuius-‘-

132 343 137 347 -
172 329 261 368 nm,
296 330 415 372 quem
445 325 581 354 tamen
607 313 761 353 nullibi
789 316 976 353 locorum
1001 322 1073 350 aut
1091 312 1194 350 mibi
1217 310 1462 360 observavi,
1493 319 1569 350 aut

146 371 241 411 aliis
263 371 519 412 observatum
537 384 645 410 reor.
679 367 751 408 sed
762 383 811 409 en
833 370 1063 408 Mem-sium
1075 366 1118 404 id
1140 381 1260 406 omne
1278 366 1355 405 tibi
1375 365 1568 418 planissi-

128 441 209 467 *me
231 425 541 480 expedientem,
579 424 675 464 dum
695 424 864 463 titulum
884 423 928 462 in
952 437 1000 461 eo
1019 426 1148 461 latere
1165 421 1328 460 fabulae
1350 421 1568 472 Philippi-

144 482 243 520 dem
257 481 530 522 demonstrat:
565 479 863 531 Cor-ruptusque
876 485 937 518 est
954 477 1068 531 apud
1081 477 1247 516 eundem
1267 476 1362 522 Lib.
1374 476 1453 517 IX.
1467 490 1566 528 cap.

144 536 183 580 5.
209 538 447 580 Φιλιππίδου
465 537 506 578 δὲ
525 536 566 578 ἐν
587 537 839 588 Φιλευριπίδῃ
856 544 937 577 etc.
965 534 1032 575 καὶ
1049 530 1276 584 Λακιάδης·
1305 532 1487 570 Restitue
1503 533 1570 573 καὶ

139 589 390 641 ’.Δακιᾶὄαις-
429 605 509 630 non
528 595 634 630 enim
654 591 865 630 Laciades
891 590 1041 641 aliquis
1069 591 1249 635 citatur,
1277 590 1395 626 cuius
1427 601 1570 627 nomen

114 695 116 697 ¹
146 649 537 701 nmquam·hctum,
583 647 656 685 sed
677 645 897 684 Laciadas
904 677 918 695 ,
943 644 1122 696 fabulae
1150 642 1423 694 Philippidn,
1452 646 1570 681 cuius

118 753 122 758 Δ
147 717 289 745 nomen
303 718 352 743 es.-
366 702 699 754 praecedentibus
720 698 801 743 ἆπὸ
826 705 965 742 κοινοῦ
988 701 1115 751 repeti
1130 698 1250 737 debet.
1297 707 1339 737 et
1359 697 1469 737 hane
1485 698 1570 737 viri

114 757 490 812 >„praestantissimi
512 757 793 797 coniecturam
812 770 900 795 nou
923 755 1001 795 erit
1023 767 1145 793 sanae
1168 753 1318 792 mentis
1334 754 1568 806 quisquam,

150 813 224 868 qui
242 813 493 854 verissimam
516 812 638 852 fateri
661 826 747 852 non
767 814 896 854 volet.
935 809 1174 863 saepissime
1192 822 1292 848 vero
1313 825 1339 861 η
1363 809 1464 860 poni
1493 822 1570 861 pro

149 885 204 917 αι,
233 877 282 908 ut
299 865 434 922 σφήρα
458 882 534 922 pro
561 873 733 921 σφαῖρα,
761 880 906 915 nemo,
939 866 1012 919 qui
1033 866 1244 916 paululum
1265 864 1469 902 curiosius
1492 878 1572 902 ve·-

150 933 258 970 teres
284 923 513 976 inspexerit
532 922 720 974 Codices,
749 921 974 975 ignorabit,
1004 918 1191 972 illudque
1220 919 1417 958 vitiorum
1440 932 1570 973 genus

153 989 200 1018 ut
222 979 265 1016 in
291 978 445 1031 apertis
468 987 591 1031 atque
614 979 726 1017 notis
745 977 924 1017 vocibus
952 975 1156 1015 neminem
1174 983 1414 1024 remoratur,
1445 975 1504 1012 sic
1524 974 1572 1013 in

153 1032 350 1073 abstrusis
380 1043 503 1087 atque
535 1033 703 1072 remotis
733 1031 924 1071 homines
953 1031 1076 1070 etiam
1107 1029 1407 1068 versatissimos
1429 1030 1572 1069 fallere

154 1098 276 1129 amat.
332 1089 402 1128 De
421 1087 639 1137 Λακιάδαις
665 1097 799 1127 autem
825 1085 1037 1126 addendus
1061 1085 1103 1122 in
1121 1077 1182 1126 ’.Ω
1202 1083 1402 1126 Λακιάδαι
1423 1086 1573 1124 Suedas

125 1175 129 1181 .
155 1153 197 1184 et
213 1144 607 1196 Paroemiographus
636 1143 886 1188 Vaticanus,
918 1141 989 1194 qui
1012 1150 1186 1193 uterque
1206 1141 1456 1192 Hesychium
1477 1140 1571 1178 illu·

152 1198 315 1241 ambit.
354 1199 543 1253 pluribus
571 1199 615 1237 in
647 1200 816 1237 Atticae
831 1197 990 1249 populis
1014 1198 1237 1238 Mem-sius.
1294 1196 1474 1248 Reiiqua
1499 1193 1576 1235 de-

153 1268 264 1293 mum
283 1253 409 1293 huius
431 1254 578 1306 capitis
606 1254 710 1307 quin
733 1252 1000 1304 Philippidae
1019 1252 1103 1290 sint
1128 1250 1262 1297 verba,
1294 1265 1379 1289 non
1404 1250 1577 1289 dubita..

155 1308 221 1348 bit
240 1309 446 1364 equidem,
478 1309 551 1362 qui
571 1309 750 1347 animum
772 1306 1009 1348 attenderit.
1073 1306 1129 1346 ΟΖ.
1154 1306 1404 1344 Salmasium
1420 1320 1575 1359 sequu-

154 1374 222 1405 tus
240 1365 285 1404 in
306 1378 494 1404 versuum
517 1363 703 1404 ordinem
727 1365 799 1402 illa
820 1362 1020 1413 disposui,
1051 1359 1223 1400 vocibus
1245 1361 1351 1410 istis,
1385 1375 1484 1414 quas
1505 1362 1575 1400 ine

155 1419 431 1461 exturbandas
451 1419 644 1472 putabat,
673 1433 725 1459 ne
743 1416 914 1457 modulo
936 1416 1128 1455 carminis
1151 1416 1357 1466 obessent,
1389 1419 1514 1456 altera
1533 1416 1576 1458 δὲ

156 1475 312 1526 deleta,
343 1474 455 1529 quod
476 1475 524 1516 C.
553 1475 598 1515 P.
617 1489 701 1514 non
724 1482 989 1527 agnosceret,
1021 1475 1148 1512 altera
1174 1471 1376 1510 uncinulo
1399 1472 1573 1510 inclusa.

161 1530 298 1580 Τόνος,
325 1531 443 1570 euius
466 1530 664 1569 vocabuli
693 1542 815 1568 causa
835 1527 1100 1580 Philippidem
1122 1530 1258 1567 locum
1285 1528 1441 1565 Pollux
1462 1537 1577 1565 attu-

156 1587 224 1633 lit,
242 1595 303 1626 est
320 1585 364 1624 in
385 1586 614 1638 Hesychioz
649 1583 811 1633 Τὸνους,
831 1585 978 1636 κειρίας
1001 1580 1078 1625 ἀπὸ
1096 1588 1167 1624 τοῦ
1183 1580 1368 1624 τετάσθαι
1382 1609 1393 1621 .
1425 1593 1466 1623 et
1485 1583 1577 1621 Sua·-

158 1643 234 1682 das
253 1651 510 1695 opportune:
539 1638 657 1689 τόνος
676 1642 744 1682 καὶ
761 1643 830 1680 τοῦ
847 1640 1085 1693 κραββατίου
1111 1635 1158 1679 τα
1179 1639 1340 1690 σχοινία.

226 1744 231 1748 Δ
267 1694 437 1751 ἄχρηστα
454 1695 523 1750 δὲ]
566 1697 659 1737 MS.
687 1695 857 1749 ἄχρηστα
881 1711 996 1738 παντ.
1053 1694 1141 1734 sine
1165 1694 1218 1735 δέ.
1278 1691 1360 1732 Sed
1387 1706 1473 1731 non
1496 1690 1580 1730 du·-

158 1752 248 1793 bito
265 1750 367 1792 baec
385 1750 603 1792 adhaerere
626 1764 792 1805 quoque
809 1748 942 1805 χρήσει
961 1749 1241 1801 Philippidae,
1276 1747 1318 1786 in
1337 1747 1486 1802 quibus
1510 1746 1580 1786 de·

161 1823 270 1848 mum
300 1821 388 1847 vox
419 1805 569 1859 σπάρτα
603 1806 791 1855 additur,
837 1805 957 1843 cuius
983 1818 1106 1845 causa
1130 1804 1231 1843 haec
1255 1804 1401 1842 Noster
1422 1803 1578 1844 attulit.

160 1864 251 1904 Nec
271 1877 292 1902 a
311 1876 375 1902 me
394 1861 495 1916 quid
521 1862 714 1912 audeam,
753 1860 836 1899 nisi
858 1859 970 1915 quod
1001 1861 1172 1899 ultimus
1198 1858 1426 1898 versiculus
1451 1872 1493 1897 se
1510 1859 1580 1896 fa-

161 1919 240 1959 cile
259 1917 419 1971 prodat.
458 1927 506 1956 ut
528 1917 631 1958 haec
657 1916 920 1968 scripseram,
953 1925 1189 1969 opportune
1206 1915 1409 1953 succurrit
1431 1923 1515 1966 opt.
1539 1922 1581 1952 et

163 1973 330 2016 doctiss.
349 1973 604 2012 Salmasius:
641 1972 922 2022 ΡΙιίίίρρίᾰαε,
953 1972 1025 2016 ait,
1060 1985 1197 2009 versus
1220 1972 1280 2007 sic
1297 1969 1458 2006 emendo
1478 1977 1516 2006 et
1535 1972 1582 2007 in

163 2043 260 2072 suos
279 2043 465 2070 numeros
487 2032 672 2075 restituo,
702 2029 857 2065 reiectis
875 2029 1031 2077 spuriis
1051 2025 1294 2079 quibusdam
1314 2024 1505 2063 vocibus:

373 2081 576 2137 κράτιστον
598 2085 700 2125 ἔστιν
717 2085 856 2124 τοῦτον
872 2083 1055 2134 ἐκτεμεῖν,
1085 2079 1216 2134 γύναι,

371 2141 440 2181 τὸν
462 2142 621 2191 δίφρον,
654 2137 826 2193 ἄχρηστα
840 2142 1039 2186 παντελῶς
1056 2136 1103 2179 τὰ
1123 2133 1264 2191 σπάρτ’
1283 2136 1371 2188 ἔχει,

374 2195 502 2250 ἕτερον
523 2196 563 2237 δὲ
580 2194 720 2237 καινὸν
739 2195 918 2248 ἐμβαλεῖν
934 2190 1041 2250 αὐτῷ
1059 2191 1188 2235 τόνον,
1244 2197 1347 2231 Iunc.

272 2306 362 2359 περὶ
382 2310 458 2347 τῶν
479 2311 563 2353 ταῖς
579 2310 634 2346 κλ.
649 2304 760 2360 etc.]
791 2254 961 2343 Tffi‘lus
984 2303 1098 2342 abest
1117 2317 1138 2341 a
1157 2301 1205 2342 C.
1226 2300 1276 2339 A.
1297 2313 1373 2338 nec
1392 2313 1443 2339 eo
1466 2313 1583 2353 opus,

169 2359 269 2414 quia
285 2364 443 2400 nullum
464 2361 507 2399 in
529 2361 657 2400 MSto
683 2370 745 2399 est
765 2359 985 2398 discrimen
1005 2357 1187 2410 capitum
1206 2355 1286 2395 hoc
1306 2357 1414 2396 loco.
1442 2362 1587 2395 Kumm.

276 2418 364 2468 περὶ
387 2421 466 2458 τοῖν
485 2423 569 2465 ταῖς
588 2421 647 2457 xl.
668 2416 778 2467 etc.]
819 2414 1017 2466 Sequitur
1036 2427 1125 2464 cap.
1147 2412 1183 2454 8.
1208 2411 1325 2449 cuius
1347 2410 1473 2450 verba
1494 2425 1587 2449 cum

170 2470 505 2520 praecedentibus
531 2471 754 2509 cohaerent
780 2470 871 2508 sine
889 2472 976 2507 ullo
999 2467 1124 2506 titulo
1149 2467 1193 2505 in
1214 2466 1299 2508 MS.
1362 2466 1425 2504 Ad
1445 2468 1589 2519 vulga-

170 2532 256 2562 tum
279 2524 461 2576 titulum,
491 2526 563 2581 qui
581 2535 694 2578 erat:
723 2526 905 2580 περὶτῶν
925 2525 966 2567 ἐν
987 2529 1070 2572 ταῖς
1086 2525 1235 2571 κλίναις
1256 2521 1444 2573 ἐπόντων,
1467 2535 1589 2574 quem
