1690 2996
197 140 302 182 1580
820 136 874 176 X.
931 141 997 182 77.

303 244 499 299 λεκτέοι]
528 243 650 285 MSS.
680 243 983 298 ohsecnndavi,
1013 250 1086 305 qni
1107 261 1247 290 omnes
1267 247 1438 300 xlnrs'oir.

302 303 412 345 εἶπεν
426 304 469 344 ἐν
479 300 536 357 τῷ
550 299 636 343 'Am
651 300 832 356 Ἀριστ.]
861 305 1031 344 Desunt
1049 305 1093 343 in
1114 305 1206 346 MS.
1235 305 1347 347 εἶπεν
1362 307 1404 347 ἐν
1420 323 1454 346 r.
1473 302 1608 360 ’Auoyu

187 356 490 412 Ἀριστοφάνης·
521 366 564 396 et
582 366 680 410 post
699 357 857 412 σκάφην
872 361 1011 399 statim
1031 361 1222 415 sequitur
1242 357 1383 402 ταύτόν
1403 356 1445 402 δ’
1462 359 1513 402 ἄν
1531 371 1609 400 etc.

191 413 293 454 Siue
313 414 440 453 titulo
459 412 710 462 interposito
729 425 1036 454 connectuntur
1055 417 1208 455 omnia.
1267 416 1396 456 Iuno.

301 470 412 512 εἶπεν
429 470 472 511 ἓν
490 469 544 522 τῷ
565 464 766 524 Ἀναγύρῳ
785 469 908 526 Ἀρ.]
949 471 1019 510 De
1045 472 1342 523 Aristophanis
1361 471 1437 510 hac
1452 469 1611 521 fabula,

190 539 374 579 veroque
393 524 483 564 eius
513 525 638 563 titulo
659 533 700 563 et
731 535 974 580 argumento
1004 529 1116 581 large
1147 526 1238 565 dixi
1267 525 1319 565 ad
1347 526 1423 570 lib.
1452 525 1527 567 lx.
1557 539 1609 564 ex

189 581 314 621 MSS.
343 590 480 620 autem
513 579 692 619 Pollucis
714 582 847 620 nostri
876 580 1100 622 codicibus
1133 581 1294 634 patuit,
1334 596 1453 636 quam
1494 579 1609 620 varie

189 644 385 689 corrupta
407 635 538 674 fuerit
565 634 668 674 haec
693 635 925 689 inscriptio.
958 637 1070 676 illam
1097 637 1254 690 ubique
1275 638 1458 675 nativam
1480 635 1610 675 habet

185 693 370 731 Photius
399 690 442 728 in
473 690 639 732 Lexico.
697 692 789 741 Ipsa
825 692 978 732 Comici
1011 692 1139 732 verba
1170 693 1212 730 in
1248 693 1458 745 plerisque
1487 690 1608 731 MSS.

186 746 475 800 deperieruntz
505 746 710 785 Pollucem
727 756 863 787 tamen
885 747 1130 800 apposuisse
1149 746 1310 786 indicio
1329 757 1427 786 sunt
1445 747 1608 785 Excer-

186 811 257 857 με
277 802 689 852 Falckenburgiana,
721 815 825 856 quae
845 803 988 857 χρῆσιν
1006 802 1125 841 istam
1148 811 1230 841 tam
1252 811 1488 855 corruptam
1508 815 1607 841 con-

185 859 327 898 tinent
346 866 390 896 et
408 856 650 908 deformem,
670 867 717 895 ut
741 871 826 895 non
844 860 936 897 sine
958 856 1136 910 quodam
1156 857 1284 895 animi
1304 857 1492 896 cruciatu
1510 870 1606 910 pos-

184 913 262 955 sim
287 915 492 967 relegere,
529 925 622 950 cum
655 910 855 953 Codicem
885 912 1073 952 omnium
1098 925 1239 952 revera
1269 912 1498 965 prinoipem
1519 921 1604 950 tam

185 966 312 1008 foede
342 968 683 1006 commaculatum
715 981 737 1006 a
759 966 938 1006 librariis
958 966 1096 1009 video.
1137 981 1232 1008 ecce
1252 981 1373 1016 vero,
1403 976 1452 1006 ut
1474 965 1607 1006 habe—

183 1031 278 1072 ant,
309 1021 383 1061 ubi
401 1020 668 1062 coniectandi
689 1022 933 1062 felicitatem
953 1032 996 1063 et
1015 1023 1232 1078 ingenium
1249 1021 1404 1063 eruditi
1423 1021 1505 1061 viri
1534 1035 1606 1060 ex·

182 1078 422 1134 periantur:
448 1079 516 1120 καὶ
531 1076 762 1129 ἤμισκᾶφης
783 1076 816 1120 δ’
831 1078 886 1127 αἶς
905 1081 945 1121 ἐν
965 1096 1005 1122 τι
1026 1080 1302 1122 ἕνποδιλονίων
1319 1078 1502 1132 ἔμοῧμεν.
1525 1079 1604 1130 ego

185 1147 313 1181 vero,
342 1142 392 1172 ut
420 1134 597 1173 aliorum
627 1133 876 1173 industriam
907 1148 1132 1187 provocem
1152 1143 1195 1174 et
1213 1134 1413 1183 excitem,
1444 1146 1607 1186 propo—

182 1202 279 1229 nere
297 1190 342 1228 in
363 1189 545 1228 animum
571 1188 736 1241 induxi,
762 1188 860 1242 quid
882 1190 1151 1243 cogitaverim
1171 1189 1222 1229 ad
1244 1189 1359 1228 hunc
1374 1191 1510 1229 locum
1530 1200 1605 1240 po-

180 1244 395 1293 liendum,
430 1244 511 1284 etsi
541 1242 586 1282 id
615 1258 736 1284 omne
763 1244 899 1284 invita
921 1245 1098 1284 forsitan
1119 1244 1190 1284 fiet
1207 1246 1412 1284 Minerva.
1449 1241 1606 1295 σκάφην

184 1300 230 1340 in
260 1299 353 1339 istis
382 1299 542 1349 verbis,
579 1300 700 1348 cujus
732 1299 924 1340 vocabuli
959 1300 1091 1355 gratia
1118 1302 1237 1339 locus
1256 1306 1343 1339 erat
1362 1302 1533 1347 allatus,
1560 1306 1604 1337 et

180 1356 353 1410 ἔμοῦμεν
373 1356 511 1404 etiam,
543 1354 645 1408 quid
664 1354 720 1393 sit
747 1356 1060 1408 cognoscimus3
1089 1363 1222 1395 cetera
1243 1364 1343 1394 sunt
1363 1354 1538 1393 disiecta
1559 1360 1603 1392 et

184 1425 306 1465 quam
330 1411 510 1450 maxime
541 1410 712 1449 incerta.
753 1409 926 1450 diversis
946 1425 1023 1466 ego
1043 1411 1309 1450 tentamentis
1330 1409 1443 1450 hunc
1461 1412 1601 1449 locum

181 1465 367 1512 versavi,
398 1467 514 1504 nulla
554 1474 690 1504 tamen
726 1464 804 1504 hac
832 1466 1071 1505 coniectura
1103 1465 1245 1519 potior
1278 1474 1340 1506 est
1367 1465 1481 1504 visa:
1519 1465 1603 1505 Καὶ

180 1522 274 1577 ἡμῖν
297 1516 429 1573 σκάφη
445 1519 541 1571 ’στι,
572 1520 625 1568 αἶς
643 1517 696 1564 ἄν
715 1522 758 1563 ἒν
779 1521 824 1578 τῇ
841 1525 965 1564 ποτοῦ
982 1522 1089 1564 οἶνον
1110 1519 1282 1574 Spahan.
1310 1522 1368 1560 Et
1383 1520 1499 1559 nobie
1518 1519 1603 1559 ad·-

183 1587 244 1616 est
260 1578 418 1629 scapha
435 1591 503 1615 seu·
515 1578 659 1628 pelvis,
691 1585 738 1615 ut
756 1579 802 1615 in
819 1591 867 1615 ea
885 1580 1069 1616 convivii
1086 1581 1229 1615 vinum
1245 1589 1498 1615 evomamus:
1526 1588 1602 1614 seu

180 1633 299 1673 malit
332 1632 496 1684 aliquis,
531 1629 600 1674 τόν
627 1630 747 1674 ποτόν
773 1633 901 1681 οἶνον,
936 1635 1079 1672 vinum
1104 1641 1293 1684 epotum,
1325 1629 1439 1685 qnod
1477 1629 1601 1669 alteri

180 1689 309 1729 ferme
348 1697 637 1739 anteposuero.
687 1701 830 1741 parum
872 1688 1065 1742 equidem
1095 1701 1118 1727 a
1154 1687 1346 1742 vestigiis
1380 1695 1600 1738 corruptae

178 1743 376 1783 lectionis
394 1741 543 1782 recedo
558 1774 570 1795 ,
600 1757 736 1795 neque
756 1742 925 1793 dubito,
953 1743 1055 1798 quin
1074 1757 1196 1783 nemo
1218 1756 1303 1781 non
1324 1742 1442 1781 facili
1464 1755 1601 1794 nego-

179 1799 242 1839 tio
265 1797 321 1837 sit
349 1798 733 1850 animadversurus,
764 1798 1046 1852 quodcunque
1071 1812 1123 1839 ex
1143 1799 1216 1837 illa
1239 1797 1444 1850 scriptura
1469 1806 1600 1850 pote-

178 1867 285 1902 ram,
315 1853 501 1892 studiose
518 1867 713 1893 servasse.
744 1868 868 1906 porro
893 1854 935 1892 id
959 1854 1097 1908 quivis
1116 1854 1240 1893 etiam
1262 1852 1402 1902 videt,
1432 1851 1599 1906 egregie

178 1909 369 1948 Pollucis
394 1908 523 1947 menti
553 1908 765 1959 satisfieri,
795 1910 830 1948 si
859 1919 1038 1948 nostram
1062 1907 1392 1948 emendationem
1410 1906 1600 1947 admise-

178 1965 262 2015 ris,
287 1962 389 2018 quid
439 1963 550 2002 enim
582 1964 625 2001 in
653 1963 719 2002 his
753 1964 981 2019 liqm‘dius'
1000 1978 1121 2017 quam
1163 1960 1326 2024 σ’κιέφην
1356 1965 1438 2003 tale
1466 1962 1597 2002 fuisso

177 2022 415 2067 vasculum,
445 2019 488 2056 in
518 2017 631 2072 quod
667 2020 940 2063 evomerent?
978 2019 1163 2059 Reddidi
1194 2033 1292 2059 vero
1318 2019 1361 2057 in
1392 2027 1597 2058 contextu

177 2076 289 2115 illam
309 2074 554 2123 lectionem,
584 2087 689 2127 quae
708 2074 818 2128 mihi
830 2065 915 2114 fnit
934 2075 1080 2114 melior
1107 2074 1209 2121 visa,
1239 2073 1430 2128 quamvis
1447 2072 1491 2112 id
1507 2074 1598 2112 for-

177 2140 272 2170 tean
298 2143 319 2169 a
340 2132 632 2182 plerorumque
655 2129 862 2168 sententia
889 2129 1134 2177 abhorreat,
1166 2143 1252 2168 non
1284 2143 1335 2169 eo
1362 2141 1463 2168 sane
1481 2126 1595 2181 quod
1660 2134 1664 2136 ’

178 2186 293 2225 illam
318 2183 552 2223 indubitate
571 2197 707 2224 veram
731 2185 1033 2235 existimarem,
1063 2183 1134 2223 sed
1166 2183 1280 2238 quod
1307 2184 1448 2237 aptius
1470 2184 1595 2224 vide-

175 2250 289 2281 retur
316 2241 359 2278 in
384 2247 503 2279 textu
522 2242 644 2279 talem
661 2238 851 2278 exhiberi
871 2237 1138 2292 scripturam,
1170 2253 1276 2293 quae
1295 2239 1478 2293 intelligi
1499 2252 1594 2291 pos·

175 2295 254 2346 sit,
284 2309 420 2348 neque
448 2295 574 2334 menti
605 2295 800 2334 Auctoris
827 2294 884 2332 sit
913 2293 1194 2345 incommoda,
1231 2308 1352 2348 quam
1380 2304 1594 2335 monstro-

175 2365 275 2390 sam.
329 2349 502 2402 Σκάφην
534 2359 671 2389 autem
691 2349 752 2390 sic
779 2349 1003 2403 usurpavit
1029 2350 1153 2389 etiam
1171 2351 1361 2390 Basilius
1377 2349 1424 2389 in
1442 2352 1593 2389 Homi-

175 2408 236 2445 lia
253 2405 447 2446 adversus
462 2404 630 2446 Ebrios.

844 2464 911 2504 ⁷⁷⁸
1655 2496 1665 2512 ι,

281 2515 403 2559 ταυτδ
425 2513 466 2558 δ’
486 2515 540 2559 ἄν
560 2534 621 2566 τις
646 2517 749 2569 etc.]
792 2515 861 2555 Sic
881 2516 1025 2572 itaque
1044 2516 1139 2558 MS·
1167 2513 1311 2561 ταύτόν
1337 2519 1362 2559 δ
1370 2514 1380 2529 ⁸
1401 2511 1453 2560 ‹30-
1472 2532 1530 2566 τις
1548 2524 1591 2556 et

170 2573 275 2616 εἴποι
291 2569 406 2616 τοῦτο
423 2576 491 2617 καὶ
513 2572 605 2629 περὶ
617 2582 695 2616 etc.
751 2571 880 2615 Iuno.
