1690 2996
801 122 854 165 X.
911 126 979 166 60.
1502 121 1608 163 1459

190 224 318 292 pntov
340 222 578 292 ἠγεμονίαν,
618 233 670 274 ad
706 246 827 288 quem
854 236 994 272 locum
1021 233 1220 271 petavius·
1252 230 1295 269 in
1320 229 1388 270 his
1416 232 1610 271 Pollucis

189 291 324 332 nostri
345 291 484 331 verbi·
513 288 628 333 δέοιτ’
655 287 705 331 ἂν
734 289 870 343 ponit.
926 288 1135 327 Kuehnius
1156 287 1199 325 in
1221 287 1403 340 margine
1423 288 1487 326 sui
1509 287 1609 327 libri

190 347 428 389 restituerat
446 361 468 386 e
491 347 539 386 C.
565 347 612 385 A.
627 346 944 400 παραγραφίδια,
969 346 1200 394 καλαμίδια,
1230 345 1340 381 uuna
1363 341 1414 382 de
1431 344 1609 386 ratione.

298 405 372 456 μὲν
387 400 486 458 γὰρ]
518 401 565 441 C.
588 401 790 440 Salmasii
807 399 876 453 μὲν
890 400 962 455 γὰρ
984 399 1105 438 delet.
1162 405 1304 437 Kuznx.

299 457 628 512 ἔπὶζωγράφου]
658 455 755 496 MS.
777 459 863 510 ζωγ.
884 453 1059 507 τοῦνομα
1083 450 1201 495 ἒνἈ.
1260 459 1340 494 San.

300 512 362 556 ἐπὶ
390 511 624 568 ζωγράφου]
662 511 883 564 Supplevit
909 521 950 550 et
977 519 1116 548 noster
1137 508 1224 550 MS.
1248 517 1288 547 et
1308 509 1442 547 Sebm·
1459 509 1609 552 habet:

194 565 404 624 ζωγράφου
421 567 616 620 τοῦνομα,
647 567 688 609 ἐν
708 575 785 606 eto.
844 564 926 608 Sed
947 579 1023 619 pro
1038 562 1339 617 Ἀλεξανδρίδου
1359 564 1447 604 MS.
1470 576 1611 606 noster

192 622 502 679 ’Δναξανδρίδου
520 622 656 665 habet.
714 621 783 660 Sio
803 635 924 674 supra
945 633 1111 675 quoque
1132 622 1343 674 vulgatum
1366 621 1611 660 Alexandri-

193 683 284 720 dem
300 679 375 730 lx,
394 681 461 734 59.
493 677 796 730 manuscriptus
822 676 1149 716 Artaxandrides
1169 674 1431 714 exturbabat.
1494 677 1610 717 Adeo

194 737 342 776 utiam
364 749 455 774 eum
479 733 568 776 MS.
589 742 732 772 nostro
750 731 1074 771 Alexandridem
1096 745 1117 771 e
1140 731 1310 768 Polluce
1325 733 1446 782 plane
1464 732 1614 771 eiicia-

195 805 300 830 mus.
334 790 377 829 in
396 805 517 844 quam
545 788 790 828 sententiam
823 797 1014 841 putamus
1036 797 1076 826 et
1101 786 1394 824 inclinaturum
1415 786 1612 841 Magnum

202 846 484 892 Casuubonum
505 853 705 893 nostrum,
736 857 855 897 quem
872 843 972 881 alias
991 841 1085 882 vide
1108 842 1181 881 VI.
1203 841 1352 885 Athen,
1387 841 1447 882 ιδ.
1506 849 1612 885 Imm,

307 913 370 954 ἐπὶ
392 910 630 967 ζωγράφου]
663 909 810 948 Adieci
831 906 999 962 τοῦνομα
1022 908 1072 949 de
1090 907 1210 948 MSS.
1268 909 1375 947 Tum
1396 908 1616 963 irrepserat

200 967 245 1006 in
269 969 454 1021 vuigatas
478 966 682 1006 editiones
715 962 1007 1014 Ἀλεξανδρίδου
1041 978 1113 1016 pro
1140 961 1440 1018 Ἀναξανδρίδου
1458 996 1469 1010 .
1502 966 1614 1017 quod

201 1021 259 1061 ita
282 1036 372 1060 cum
392 1022 511 1063 MSS,
539 1021 608 1059 hic
633 1021 813 1060 restitui.
864 1019 913 1058 de
942 1030 1121 1072 utroque
1144 1019 1299 1057 dictum
1322 1034 1342 1057 a
1362 1035 1426 1059 me
1448 1022 1615 1061 memini

202 1076 253 1116 nd
274 1076 348 1119 lib.
367 1077 442 1127 IX,
457 1075 522 1131 59.
554 1086 601 1113 ut
620 1084 709 1114 toto
723 1075 951 1114 censendus
971 1076 1024 1112 sit
1043 1073 1226 1114 aberrare
1247 1077 1364 1125 coelo
1386 1077 1614 1126 Mem-siue,

203 1132 276 1186 qui
298 1142 418 1185 putet
442 1133 486 1171 in
512 1131 769 1171 Bibliotheca
789 1129 944 1169 Graeca
966 1129 1072 1169 idem
1099 1143 1183 1169 esse
1206 1129 1356 1168 Comici
1378 1140 1501 1183 atque
1514 1135 1618 1171 Ilie-

203 1189 330 1226 torici
349 1202 520 1234 nomen.
554 1195 595 1224 et
623 1185 777 1237 ubique
811 1185 1092 1238 reponendum
1119 1182 1444 1238 Ἀναξανδρίδης·
1474 1187 1543 1226 sed
1574 1188 1617 1228 id

202 1241 524 1296 diligentissimo
546 1241 636 1280 viro
655 1241 779 1279 facile
802 1240 1075 1294 ignoscimus,
1109 1241 1181 1293 qui
1202 1244 1379 1280 maculas
1402 1242 1500 1281 istas
1520 1244 1616 1282 alia.

200 1293 290 1337 ium
319 1310 343 1336 o
377 1297 566 1336 timorum
593 1309 725 1334 rerum
753 1297 846 1334 luce
867 1295 1095 1348 extinguit.
1153 1297 1411 1335 Memoratur
1431 1307 1471 1336 et
1491 1304 1620 1342 Κλεο-

200 1353 319 1406 μένης
339 1369 360 1394 ο
381 1349 644 1405 Ἀναξάνδρεω
662 1351 706 1389 in
725 1350 927 1389 Herodoti
943 1350 1155 1403 Polymniu
1169 1380 1180 1400 ,
1222 1351 1297 1405 qui
1326 1352 1433 1391 alius
1463 1353 1511 1394 ab
1537 1354 1619 1396 hoc

203 1407 374 1449 comico.

309 1464 496 1517 ἑκατέρως
514 1460 614 1518 γὰρ]
647 1459 739 1502 MS.
757 1461 1002 1516 ἑκατέρωθεν
1020 1461 1060 1503 δὲ
1082 1463 1141 1504 ἐπ.
1196 1467 1277 1501 San.

215 1575 219 1578 ,
309 1531 495 1586 ἑκατέρως
521 1527 620 1584 γὰρ]
659 1527 707 1570 C.
743 1528 795 1567 A·
833 1528 1070 1583 ἑκατέρωθεν
1099 1547 1134 1585 y·
1170 1528 1441 1586 ἐπιγράφεται.
1490 1533 1550 1574 ita
1580 1544 1623 1575 et

204 1585 330 1628 Salm.
351 1595 430 1626 etc.
483 1592 627 1624 Kumm.

879 1656 946 1696 60.

205 1774 241 1816 Δ
316 1716 431 1762 οὐδὲν
451 1719 490 1762 δὲ
507 1719 577 1775 κ.]
618 1713 732 1760 οὐδὲν
753 1715 794 1760 δὲ
815 1727 897 1762 eto.
934 1731 1066 1772 usque
1084 1717 1135 1758 ad
1153 1719 1333 1774 κέχρηται
1353 1719 1504 1761 absunt
1525 1736 1547 1762 a
1575 1722 1621 1765 C.

246 1803 256 1814 .
309 1781 448 1816 Kmmx.

312 1827 597 1883 Ἀριστοφάνης
619 1827 721 1872 οὕτω
739 1828 865 1883 κέχρ.]
906 1830 1215 1882 Aristophanen
1233 1834 1368 1884 χρῆσις
1385 1831 1475 1871 sine
1493 1832 1624 1875 dubio

207 1886 290 1926 fnit
308 1900 330 1925 a
352 1888 512 1928 Polluce
530 1884 685 1934 addita,
715 1889 902 1939 maleque
923 1900 944 1923 a
968 1885 1146 1924 librariis
1168 1887 1461 1937 praetermissa.
1505 1889 1626 1928 Indi-

147 1953 153 1958 ·
208 1951 274 1981 cat
288 1951 329 1981 et
351 1955 471 1995 supra
489 1943 564 1992 IV,
586 1939 647 1982 18.
680 1942 841 1990 πυξίον,
872 1940 1093 1995 inquiens,
1121 1942 1186 1983 καὶ
1209 1944 1390 1992 πυξὶδιον
1404 1942 1507 1998 παρᾶ
1527 1941 1627 2000 Ἀρι-

208 1995 414 2051 στοφάνει.
469 2003 575 2039 Iuno.

314 2054 589 2106 προσθετέον]
619 2054 655 2092 Ε
678 2053 772 2093 MS.
790 2052 948 2106 priores
970 2050 1179 2091 editiones
1199 2054 1507 2105 προστιθέντων.
1543 2061 1626 2096 εει.

315 2109 583 2162 προσθετέον]
614 2108 662 2150 C.
676 2110 727 2149 V.
747 2109 1051 2164 προστιθέντων,
1071 2107 1229 2157 Attice,
1257 2111 1352 2148 loco
1370 2113 1630 2163 προστιθέτω-

210 2174 297 2215 σαν,
330 2162 501 2203 addant.
556 2171 698 2203 Kumm.

317 2230 591 2285 προσθετέον]
622 2230 714 2270 MS.
734 2230 1026 2284 προστιθέντων
1038 2235 1121 2280 τοῖς
1141 2238 1220 2270 etc.
1250 2229 1358 2269 etita
1381 2229 1505 2270 etiam
1517 2233 1630 2286 prio·

211 2284 323 2325 tibus
353 2287 397 2324 iu
431 2285 702 2325 editionibus.
746 2285 859 2339 quod
886 2300 938 2324 au
973 2285 1141 2325 tolerari
1173 2293 1311 2337 potest
1335 2285 1477 2325 Attico
1501 2302 1630 2341 more,
1689 2311 1690 2324 1

195 2354 298 2394 'quo
325 2341 492 2381 memini
510 2350 551 2381 et
570 2341 672 2380 alibi
692 2351 878 2381 nostrum
898 2355 1032 2390 usum,
1066 2340 1370 2394 προστιθέντων,
1398 2354 1474 2392 pro
1502 2358 1634 2395 προσ-
1657 2341 1662 2346 ’

214 2395 438 2438 τιθέτωσαν.
493 2397 719 2447 Apponant
749 2400 834 2434 iam
863 2397 1006 2443 dietis,
1039 2397 1178 2448 μέλαν,
1208 2404 1355 2434 cetera.
1415 2395 1487 2436 Sic
1508 2413 1633 2452 supra

215 2449 471 2504 καθηράντων
499 2451 576 2498 VI,
598 2450 664 2508 94.
707 2452 841 2490 seben·
867 2452 960 2490 MS.
983 2452 1112 2491 lectio
1134 2461 1296 2500 tamen,
1326 2465 1430 2505 quae
1449 2457 1633 2508 vulgata,

216 2507 342 2558 magis
362 2510 535 2558 placeat.
592 2513 693 2549 Iuno.

323 2561 590 2616 προσθετέον]
629 2560 734 2615 Quis
751 2560 896 2600 merito
914 2560 1078 2599 reficiat
1095 2561 1386 2615 προστιθέντων
1398 2563 1419 2599 Ρ
1451 2578 1555 2618 quae
1572 2567 1636 2605 le-
