1716 3016
228 175 311 218 876
844 173 923 217 IX.
981 178 1044 218 12.

241 282 431 335 origenis
454 286 575 335 loco,
601 284 675 323 ubi
703 284 808 325 haec
837 299 924 325 vox
950 285 1143 328 occurrit.
1179 285 1214 326 is
1232 296 1294 327 est
1313 286 1385 330 lib.
1404 286 1490 329 vu.
1514 298 1660 328 contra

241 338 396 378 Celsum
416 354 506 394 pag.
529 340 623 393 570.
654 338 823 394 α’ρχαῖον
847 345 914 383 καῖ
944 342 1057 384 τοῦιο
1079 340 1126 384 εὖ
1154 340 1263 395 μάλα
1284 341 1468 396 πρόσθεν
1496 345 1662 399 εἰρημέ-

234 411 327 443 νον,
368 394 648 448 ἀγροικότερον
681 397 723 438 δ’
747 395 844 439 αὐτό
877 396 1254 470 οἷπεμνημόνευσαυ·
1295 399 1560 440 scribendum
1591 402 1662 439 ίιι-ι

237 464 374 504 quam.
403 451 571 505 ἀρχαῖον
588 455 629 493 δὲ
651 456 718 494 καὶ
740 452 856 495 τοῦτο
885 451 930 494 εὖ
959 453 1063 506 μάλα
1092 457 1159 495 καῖ
1185 471 1252 507 πρ.
1271 463 1351 496 etc.
1381 454 1662 509 α’γροικότιρον

234 520 333 545 vero
363 511 583 558 rusticius,
615 509 839 562 interpres.
871 513 938 548 vel
965 512 1212 562 incomptius
1238 523 1285 548 ac
1306 512 1533 553 sordidius.
1589 514 1662 551 De

235 562 331 607 alia,
362 577 467 617 quae
485 577 581 602 mox
602 564 808 616 sequitur
838 579 941 603 voce
962 564 1097 629 ‹i'y9cpc
1116 565 1226 616 vide,
1260 565 1332 614 sis,
1361 568 1660 620 Etymologum‚

236 618 308 670 qui
329 618 439 657 illam
460 618 510 658 ab
538 615 692 674 αγρεῒος
715 619 961 674 distinguit,
990 621 1062 673 qui
1091 622 1258 674 proprie
1281 620 1445 662 dicatur
1469 625 1661 664 ruricola.

235 673 421 713 Diverso
452 689 575 714 sensu
598 676 876 714 Menandrum
908 675 1062 715 dixisse
1088 678 1227 729 ἄγριον
1252 673 1447 729 κυβευτην
1475 677 1526 718 de
1554 679 1661 729 peri·

237 727 401 769 tissime
421 731 521 769 artis
541 745 639 770 suae
670 738 717 769 ab
748 732 1095 771 exercitatissimo
1114 735 1296 783 aleatore
1321 732 1518 774 observat
1538 734 1663 774 Har-

233 787 440 836 poc-ratio,
474 799 556 838 qua
576 786 626 826 de
649 787 826 826 notione
851 787 954 826 alibi
975 791 1104 840 plura.

345 842 516 896 ἄγριος]
547 842 613 881 Ita
634 840 791 880 dicitur
810 841 936 880 homo
966 843 1161 894 sinistro,
1192 842 1397 892 dIstorto‚
1425 854 1468 884 et
1499 844 1544 883 in
1570 859 1663 898 pra·

234 911 332 935 vum
362 896 558 937 indurato
588 897 761 952 ingenio
790 897 1017 950 praeditus
1057 899 1300 939 huiusmodi
1321 899 1491 940 horrida
1526 900 1664 954 capita

235 951 456 1007 descripsit
473 953 762 992 Pherecrates
750 967 793 990 m
806 953 1047 1003 Comoedia,
1069 969 1189 1008 quam
1213 955 1482 1007 inscripserat
1488 956 1664 1010 Ay9un,

234 1007 348 1048 unde
377 1019 418 1048 et
454 1007 604 1049 chorus
634 1010 723 1048 eius
761 1007 964 1047 conflatus
992 1020 1079 1048 erat
1114 1023 1167 1048 ex
1194 1011 1316 1050 meris
1341 1012 1664 1069 μισανθρώποις,

236 1065 302 1106 uti
324 1063 513 1117 prodidit
535 1064 696 1102 Plato·
685 1078 728 1101 m
753 1064 997 1116 Protagora.
1055 1065 1228 1106 KUnuN.

344 1119 511 1175 ἄγριος]
543 1118 639 1158 vid.
659 1119 718 1160 H.
741 1120 990 1172 Stephanum
1007 1120 1187 1162 animad.
1208 1120 1260 1161 ad
1278 1121 1470 1176 proverb.
1493 1123 1666 1162 Erasmi

235 1177 281 1217 in
300 1175 435 1244 Adag.
461 1175 601 1214 odium
621 1185 790 1229 agreste.
849 1176 975 1216 Iuno.

345 1227 566 1287 αγρευτης]
600 1231 730 1284 Supra
754 1230 804 1270 de
824 1231 1053 1270 venatione
1073 1231 1182 1273 idem
1202 1247 1244 1286 v,
1261 1247 1300 1290 9.
1355 1233 1484 1274 Iunc.

346 1287 528 1339 πόλεων]
561 1286 608 1325 C.
631 1287 676 1327 A.
696 1284 858 1335 πόλεως.
917 1287 1095 1329 Knmnv.

346 1346 414 1386 καί
435 1360 515 1386 που
549 1344 619 1384 καὶ
655 1361 703 1384 τοι
741 1343 860 1396 ἄγρια
889 1345 1042 1396 θηρία,
1070 1343 1182 1398 etc.]
1229 1343 1322 1386 MS.
1349 1347 1495 1388 καίπου
1518 1345 1570 1388 ro?
1597 1343 1664 1400 ἄν.

233 1401 390 1442 Snnnn.

346 1456 418 1499 καί
432 1472 511 1498 που
525 1456 594 1496 και
609 1451 660 1495 to?
678 1452 799 1508 ἄγρια
822 1454 977 1509 θηρία,
1011 1463 1090 1497 etc.
1099 1455 1120 1508 ]
1156 1454 1202 1496 G.
1223 1455 1274 1494 A.
1304 1456 1425 1509 ἄγρια
1442 1458 1571 1510 θηρία
1589 1455 1662 1499 πά·

235 1530 382 1567 ναγρον
408 1514 527 1554 λῒνον.
563 1510 648 1550 vid.
676 1525 800 1562 supra
832 1511 924 1551 libr.
950 1526 981 1550 1.
1005 1524 1094 1564 cap.
1116 1524 1148 1566 9
1183 1511 1289 1551 Sect.
1310 1511 1351 1554 6.
1379 1512 1490 1552 infra
1519 1513 1595 1552 lib.
1614 1529 1662 1555 x.

236 1584 331 1634 cap.-
357 1569 422 1611 50.
465 1567 679 1606 Plutarch.
711 1580 903 1620 sagenam
938 1565 988 1604 ab
1012 1568 1190 1605 Homero
1229 1564 1428 1623 πάναγρον
1457 1571 1662 1623 appellari
1713 1583 1716 1587 ·

239 1625 298 1664 ait
319 1625 364 1663 in
385 1621 534 1676 πότερα
551 1623 629 1664 τῶν
647 1617 754 1671 ζοῖων
769 1620 1044 1675 φρονιμώτερα
1062 1631 1139 1661 etc.
1196 1625 1373 1665 Komm-

347 1683 415 1723 καί
430 1696 506 1721 που
528 1682 597 1720 καῖ
617 1679 667 1719 roc=
683 1695 801 1732 αγρια
820 1680 966 1731 θηρία,
996 1687 1073 1717 etc.
1085 1678 1099 1729 ]
1129 1678 1226 1720 MS.
1259 1690 1425 1732 noster,
1450 1688 1499 1721 ut
1515 1681 1664 1732 Seberi,

236 1738 383 1779 καίπου
399 1734 450 1777 ro?
468 1745 546 1774 etc.
575 1734 669 1773 sine
701 1737 828 1773 altero
853 1732 1101 1772 intermedio
1122 1737 1201 1777 καί.
1258 1736 1391 1777 Iuno,

345 1789 547 1861 πάναγρον
565 1790 694 1841 λῒνον]
726 1788 857 1842 Supra
879 1805 911 1836 1,
937 1804 1002 1844 97.
1059 1789 1157 1830 SEB.

345 1845 539 1915 ἀγροτέρα
558 1843 685 1896 θεὸς]
707 1846 900 1896 ”Αριεμις
922 1859 1046 1896 supra
1068 1843 1208 1896 v,15.
1267 1845 1365 1886 San.
1534 1884 1538 1887 ,

345 1898 540 1967 οἶγροτέρα
556 1900 678 1954 θεός]
708 1900 756 1940 Id
781 1915 878 1939 vero
903 1902 1076 1939 Dianae
1097 1914 1328 1954 cognomen
1358 1911 1432 1953 est,
1461 1915 1568 1956 quae
1589 1919 1662 1944 ve-
1714 1918 1716 1926 ¹

237 1959 449 2000 nationem
480 1958 611 2012 prima
640 1966 712 1996 aut
739 1956 975 2003 invenisse,
1004 1965 1074 1997 aut
1099 1967 1209 1996 certe
1237 1958 1462 2009 perfecisse
1493 1958 1662 2000 dicitur.

236 2016 411 2068 Heeyclz.
432 2013 681 2069 Ἀγροτέραν,
695 2031 767 2062 την
787 2011 921 2065 ὀρείαν
932 2011 1141 2077 ”Αρτεμιν,
1158 2011 1219 2050 ita
1241 2013 1376 2052 malim
1393 2016 1662 2068 transpositis

236 2071 412 2112 vocibus
438 2073 596 2123 legere,
637 2083 759 2123 quam
782 2071 934 2122 vulgo,
963 2062 1101 2120 ὀρείαν
1126 2066 1200 2117 τήν
1218 2067 1435 2122 Ἀρτεμιν·
1464 2081 1661 2111 montana
1690 2112 1694 2115 ,

236 2127 349 2168 enirn
377 2125 639 2166 habebantur
663 2124 834 2163 numina
864 2137 969 2189 quae
989 2123 1208 2163 venationi
1237 2134 1480 2176 praeerant,
1510 2139 1590 2179 qua
1609 2126 1662 2166 de

236 2196 360 2222 cansa
370 2182 726 2221 monetArriamcs
741 2178 791 2219 de
809 2180 852 2218 V
846 2181 1031 2218 enatmne
1041 2193 1129 2248 cap.
1143 2177 1206 2219 55.
1220 2197 1308 2227 τους
1326 2182 1392 2222 ἐπὶ
1402 2179 1543 2248 θήραμ’
1523 2198 1663 2224 εσπου·

237 2236 406 2286 δακότας
425 2254 554 2303 ουχρη
547 2232 803 2288 “οἶμελεῒντῆς
819 2233 1049 2286 Ἀρτέμιδος
1060 2239 1129 2283 τῆς
1147 2232 1393 2288 ΜΑγροτερας,
1411 2235 1503 2279 οὐδὲ
1518 2235 1662 2280 ’Λπόλ-

238 2300 372 2344 λωνος,
392 2291 483 2335 ου’δέ
499 2289 755 2343 Πανος,οιῖὁὲ
777 2291 971 2345 Νυμφῶν,
992 2287 1084 2334 ου’δὲ
1099 2290 1253 2342 Ἑρμοῦ
1271 2293 1425 2334 &naalon
1439 2290 1550 2334 ’tei‘
1522 2310 1661 2347 ηγεμο-

237 2352 339 2398 νίου,
360 2349 484 2391 οὐδὲ’
470 2349 559 2391 όσοι
577 2349 688 2390 ἄλλοι
706 2348 831 2402 ὄρειοι
850 2349 954 2389 θεοί.
1014 2346 1127 2384 Huic
1149 2360 1247 2386 veto
1258 2348 1425 2386 Dianae
1442 2347 1662 2404 Ἀγροτέρᾳ

236 2405 441 2445 sacrificio
462 2405 586 2444 fiebat
603 2419 625 2442 a
643 2402 926 2452 venatoribus,
947 2404 981 2442 si
1004 2401 1120 2441 felici
1141 2402 1321 2441 fuissent
1339 2403 1406 2441 usi
1425 2406 1662 2456 venatione,

236 2460 520 2524 suspendique
551 2459 742 2500 solebant
768 2468 982 2511 captorum
1012 2458 1250 2496 animalium
1279 2457 1479 2510 quaedam
1509 2470 1658 2511 partes.

237 2515 426 2555 meminit
452 2516 733 2555 Callimachus
753 2515 807 2554 H.
836 2515 880 2552 in
905 2517 1038 2554 Dian.
1066 2512 1117 2552 ad
1140 2527 1260 2566 quem
1283 2511 1380 2551 vide
1402 2529 1507 2568 quae
1536 2514 1662 2554 Illus-

239 2571 346 2613 triss.
376 2571 669 2623 Spanhemius‚
719 2571 839 2610 cuius
883 2569 1079 2623 diligenti
1110 2582 1157 2607 ac
1189 2567 1378 2607 eruditae
1401 2584 1521 2609 curae
1548 2570 1660 2610 haud

237 2625 465 2667 mediocria
496 2629 716 2680 Cyrenaeus
743 2636 858 2668 vates
885 2625 1030 2678 debet,
1070 2624 1272 2665 observat.
1311 2639 1391 2678 χρη
1425 2626 1540 2668 θύειν
1558 2624 1660 2682 ’.Δρ-
