1690 2996
169 144 275 186 1284
806 144 860 186 X.
916 151 956 190 2.

166 253 346 291 sthenem
356 254 401 290 in
413 256 725 311 Σκευογραφικῷ
733 254 887 295 dixisse
899 256 1131 298 adderetur,
1164 261 1362 298 constitui
1375 274 1529 299 mecum
1540 262 1590 299 li-

165 309 283 347 hrum
304 309 591 348 Eratosthenis
615 325 803 362 quaerere
831 324 908 353 etc.
966 315 1275 354 Eratosthenem
1302 324 1438 356 autem
1469 315 1588 355 illum

163 362 493 403 eruditissimum
515 365 724 420 intelligo,
757 367 830 421 qui
849 368 891 406 in
917 369 1031 408 omni
1056 368 1270 410 doctrinae
1287 385 1437 425 genere
1458 372 1589 425 pluri·

162 433 273 458 mum
295 420 540 460 excelluisse
550 420 804 473 perhibetur.
825 423 934 464 inter
952 424 1033 463 alia
1054 425 1222 478 scripsit
1238 425 1486 481 γραμματικοὶ
1501 439 1590 480 συχ-

162 472 234 525 νοὶ,
272 484 377 515 teste
397 476 552 526 suida,
585 486 633 515 ut
648 477 791 532 itaque
815 492 899 518 non
925 494 1030 533 opus
1050 481 1107 519 sit
1127 494 1219 520 cum
1237 481 1484 537 quibusdam
1506 481 1589 520 fin-

161 544 257 586 gere
285 530 618 571 Grammaticum
647 534 979 584 Eratosthenem,
1020 536 1094 589 qui
1122 535 1171 575 ab
1196 537 1270 576 ino
1290 537 1423 590 priori
1443 536 1588 576 diver·-

160 601 231 626 sus
251 586 327 635 sit,
360 587 515 640 cuique
533 588 844 628 contribuamus
865 603 972 644 quae
994 590 1043 631 de
1062 590 1228 631 decenti
1246 592 1473 646 scripturae
1493 586 1589 632 fot*-

158 657 225 682 ma
245 642 485 696 similiaque
507 646 625 696 plura
648 645 955 697 Lexicograplzi
970 657 1127 686 veteres
1147 661 1198 686 ex
1215 648 1483 688 Eratosthene
1505 647 1588 689 do-

159 707 266 739 cent.
324 699 610 738 Doctissimus
633 714 730 739 vero
767 701 946 742 Galaeus
974 705 1151 756 prologo
1179 701 1231 741 ad
1259 704 1587 757 Mythographoe

157 763 333 805 veteres,
367 753 443 793 ubi
461 755 679 795 contexuit
695 755 875 795 indicem
896 759 1126 812 elegantem
1146 757 1395 812 scriptorum
1411 761 1588 799 Eratos-

157 810 313 858 thenis,
346 823 432 848 non
453 811 643 850 meminit
662 825 713 851 eo
733 813 830 852 loco
849 815 1194 869 Σκενογραφικοῦ,
1224 812 1338 868 quod
1362 814 1494 870 igitur
1515 815 1585 855 ad-

154 865 280 906 iicere
297 865 472 919 poteris.

264 930 308 974 τό
327 936 398 973 τοῦ
415 929 551 985 ’anm
573 932 697 986 βιβλ.]
731 932 778 972 C.
801 932 850 975 A.
874 931 919 975 τὸ
939 930 1003 975 Ἐ.
1023 937 1063 988 β
1086 937 1252 975 incessit
1269 939 1454 977 animum
1473 939 1584 991 eupi-

154 989 206 1029 do
226 988 446 1043 quaerendi
464 990 586 1027 illum
604 987 754 1026 librum
775 989 1077 1030 Eratosthenis.
1134 998 1277 1034 Rom.

266 1042 319 1092 ὦς
337 1044 377 1085 δὲ
396 1035 513 1097 εὗρον
530 1043 632 1096 etc.]
664 1042 710 1083 G.
730 1043 782 1084 A.
809 1044 893 1084 ita:
925 1042 980 1094 ὥς
998 1046 1039 1088 δὲ
1050 1039 1172 1099 εὗρον
1189 1046 1313 1101 μόλις,
1345 1045 1461 1091 ου’δὲν
1477 1047 1582 1102 εἶχον

153 1095 211 1143 οἷν
224 1095 409 1151 ἤλπιζον,
436 1114 529 1138 cum
546 1100 698 1138 librum
715 1102 787 1138 vix
807 1102 1066 1151 invenissem,
1095 1103 1205 1142 nihil
1218 1118 1353 1143 eorum
1370 1117 1478 1158 quae
1493 1120 1584 1159 epe-

151 1158 314 1203 rabam,
345 1154 487 1196 habui.
543 1162 692 1195 Kussmt.

263 1219 318 1272 ὦς
335 1223 375 1265 δὲ
392 1218 511 1276 εὗρον
527 1223 635 1275 etc.]
674 1222 770 1278 MS.
803 1233 947 1265 noster
966 1225 1024 1264 ita
1044 1225 1289 1282 distinguit,
1324 1225 1378 1277 ὥς
1394 1227 1436 1270 δὲ
1459 1220 1581 1282 εὖρον

149 1278 271 1334 μόλις,
298 1275 414 1321 οὐδὲν
431 1287 508 1319 etc.
547 1288 591 1318 et
607 1277 776 1318 videtur
793 1280 967 1320 rectius:
998 1289 1046 1320 ut
1065 1282 1228 1321 tandem
1245 1285 1387 1323 inveni
1412 1280 1576 1334 librum,

150 1337 263 1375 nihil
281 1343 418 1374 tamen
437 1334 497 1373 ibi
513 1348 620 1387 quae
640 1334 862 1386 sperabam.
918 1342 1020 1378 Itme.

261 1387 314 1439 ὥς
330 1391 371 1432 δὲ
391 1382 510 1442 εὖρον
529 1387 651 1441 μόλις.
675 1390 776 1442 etc.]
815 1391 875 1430 Ut
904 1401 990 1430 erat
1009 1391 1121 1432 edite
1148 1391 1366 1434 distinctio
1387 1394 1576 1448 improba

148 1457 224 1495 est,
249 1455 291 1486 et
312 1460 334 1485 a
352 1446 476 1485 MSS.
497 1444 745 1497 discrepans,
759 1459 932 1499 quorum
953 1461 1031 1501 ego
1055 1447 1223 1487 ductum
1243 1460 1446 1502 sequutus
1465 1448 1578 1503 μόλις

148 1501 407 1557 iungendum
425 1500 566 1540 censui
587 1515 679 1539 cum
698 1495 838 1555 εὖρον·
868 1511 916 1540 ut
937 1516 1027 1542 vero
1050 1505 1120 1542 vix
1141 1505 1303 1543 tandem
1325 1507 1485 1551 inveni,
1512 1509 1576 1544 ni·

146 1550 438 1598 Icil'continuit
457 1571 609 1604 eorum,
634 1570 741 1608 quae
757 1571 1029 1610 speraveram.
1060 1572 1136 1598 nec
1155 1559 1297 1614 itaque
1311 1574 1478 1601 necesse
1488 1562 1575 1602 fue·

145 1615 201 1654 rit
223 1627 316 1654 cum
340 1613 524 1651 Kuehnio
552 1613 703 1666 legisse
722 1610 846 1666 εἶχον,
885 1613 1000 1668 quod
1020 1614 1092 1654 ille
1110 1613 1162 1654 ad
1181 1615 1250 1654 sui
1275 1615 1445 1656 Codicis
1465 1630 1575 1657 mar.

145 1670 283 1726 ginem
309 1668 598 1722 adscripserat.

254 1737 320 1778 καὶ
341 1734 451 1788 οἶμαί
470 1748 533 1776 σοι
551 1751 651 1786 πειρ.
676 1737 784 1788 etc.]
820 1736 919 1778 MS.
939 1746 1104 1777 noster:
1139 1739 1207 1780 καὶ
1231 1736 1341 1790 οἶμαί
1362 1753 1406 1782 σε
1424 1756 1575 1796 πειρω-
1602 1745 1604 1747 ’

144 1794 249 1849 μένῳ
278 1798 495 1844 φανεῖσθαι
515 1795 630 1833 τοῦτο
651 1788 693 1833 vd
722 1795 876 1846 βιβλίον
898 1791 996 1847 ὑπὲρ
1018 1801 1095 1834 etc.
1128 1803 1168 1832 et
1194 1793 1283 1835 MS.
1305 1796 1442 1834 Seberi
1463 1810 1576 1850 quo..

145 1863 227 1904 que
257 1848 384 1887 habet
407 1852 523 1889 τοῦτο
553 1844 598 1887 τὸ
623 1850 722 1900 βιβλ.
769 1847 921 1901 quibus
948 1849 1090 1902 itaque
1119 1847 1326 1889 defectum
1355 1853 1572 1906 vulgatum

144 1907 312 1959 explere
330 1916 563 1955 possumus,
593 1912 635 1941 et
655 1902 893 1942 asteriscum
914 1907 1073 1947 tollere.
1130 1911 1238 1946 Iunc.

252 1959 375 2011 τουτὶ,
394 1958 419 1985 *
435 1954 532 2012 ’ὑπὲρ
549 1953 679 1999 πάντα
697 1961 748 2013 τῇ
775 1960 858 2012 χρ.]
888 1959 979 2002 MS.
1004 1977 1098 2013 φαν.
1114 1966 1228 2004 τοῦτο
1243 1959 1287 2004 τὰ
1301 1962 1456 2016 βιβλίον
1472 1959 1570 2020 ὗπὲρ

140 2033 182 2059 π.
237 2021 321 2056 sen.

247 2081 371 2132 τουτὶ,
388 2082 411 2104 *
426 2077 525 2132 ὑπὲρ
544 2076 672 2122 πάντα
690 2084 738 2135 τῇ
751 2081 834 2136 χρ.]
865 2081 913 2121 C.
924 2083 976 2123 V.
997 2092 1040 2122 et
1062 2083 1192 2129 Salm.
1213 2088 1327 2128 τοῦτο
1343 2082 1386 2128 τό
1405 2087 1569 2141 βιβλίον.

137 2145 285 2178 Kunuu.

248 2193 372 2246 τουτὶ,
397 2193 422 2217 '⁸
441 2190 541 2247 ὑπὲρ
562 2190 667 2246 οἱα]
694 2191 1004 2232 Resarcivimus
1023 2193 1138 2233 illam
1161 2194 1206 2233 in
1225 2196 1409 2250 vulgatis
1422 2197 1568 2237 rimam

138 2266 161 2291 e
179 2249 308 2292 MSS.

248 2369 401 2426 οὐδὲν]
435 2370 532 2412 MS.
557 2370 689 2424 μηδὲν.
745 2318 870 2413 See-2·

176 2437 181 2442 “
248 2427 392 2480 οὐδὲν]
430 2427 479 2467 C.
501 2426 549 2469 A.
569 2436 610 2466 et
628 2426 759 2465 Salm.
780 2424 828 2466 C.
847 2424 988 2477 μηδέν·
1022 2425 1094 2478 qui
1114 2434 1246 2465 totum
1266 2429 1405 2466 locum
1422 2426 1482 2467 ita
1500 2431 1568 2468 le-

138 2484 219 2539 git:
257 2500 294 2524 κ.
317 2501 351 2537 y.
373 2485 408 2524 εἰ
422 2482 477 2546 μὴ
499 2500 531 2524 τ.
554 2479 592 2523 ἆ.
616 2479 668 2534 μὴ
689 2480 811 2534 μηδὲν
832 2489 908 2522 etc.
946 2481 1054 2519 hane
1084 2483 1276 2520 ultimum
1304 2483 1453 2522 librum
1473 2498 1566 2522 om-

136 2541 254 2578 nium
273 2539 546 2577 utilissunum
571 2536 692 2588 dixit,
720 2536 817 2590 quia
837 2535 1005 2575 exhibet
1027 2550 1073 2576 ea
1094 2536 1243 2591 quibus
1266 2537 1447 2578 subinde
1476 2540 1565 2578 uti-

136 2609 239 2637 mur.
298 2600 445 2637 Konna.
