<?xml version="1.0" encoding="UTF-8"?>
<!DOCTYPE html PUBLIC "-//W3C//DTD XHTML 1.0 Transitional//EN"
    "http://www.w3.org/TR/xhtml1/DTD/xhtml1-transitional.dtd">
<html xmlns="http://www.w3.org/1999/xhtml" xml:lang="en" lang="en">
 <head>
  <title>
</title>
<meta http-equiv="Content-Type" content="text/html;charset=utf-8" />
  <meta name='ocr-system' content='tesseract 3.04.00' />
  <meta name='ocr-capabilities' content='ocr_page ocr_carea ocr_par ocr_line ocrx_word'/>
</head>
<body>
  <div class='ocr_page' id='page_1' title='image "./p2onomastic05polluoft_0604.png"; bbox 0 0 1690 2996; ppageno 0'>
   <div class='ocr_carea' id='block_1_1' title="bbox 242 168 1041 215">
    <p class='ocr_par' dir='ltr' id='par_1_1' title="bbox 242 168 1041 215">
     <span class='ocr_line' id='line_1_1' title="bbox 242 168 1041 215; baseline 0.004 -6"><span class='ocrx_word' id='word_1_1' title='bbox 242 168 350 210; x_wconf 73' lang='lat'>1454</span> <span class='ocrx_word' id='word_1_2' title='bbox 862 169 915 210; x_wconf 87' lang='lat' dir='ltr'>X.</span> <span class='ocrx_word' id='word_1_3' title='bbox 974 173 1041 215; x_wconf 85' lang='lat'>57.</span> 
     </span>
    </p>
   </div>
   <div class='ocr_carea' id='block_1_2' title="bbox 234 276 1690 2659">
    <p class='ocr_par' dir='ltr' id='par_1_2' title="bbox 239 276 1660 442">
     <span class='ocr_line' id='line_1_2' title="bbox 241 276 1660 336; baseline 0.007 -20"><span class='ocrx_word' id='word_1_4' title='bbox 241 276 488 332; x_wconf 83' lang='lat' dir='ltr'>diligentius</span> <span class='ocrx_word' id='word_1_5' title='bbox 515 277 618 317; x_wconf 85' lang='lat' dir='ltr'>haec</span> <span class='ocrx_word' id='word_1_6' title='bbox 647 287 688 318; x_wconf 86' lang='lat' dir='ltr'>et</span> <span class='ocrx_word' id='word_1_7' title='bbox 714 280 947 320; x_wconf 75' lang='lat' dir='ltr'><strong>accuratius</strong></span> <span class='ocrx_word' id='word_1_8' title='bbox 977 279 1269 329; x_wconf 79' lang='lat' dir='ltr'>elaborabunt.</span> <span class='ocrx_word' id='word_1_9' title='bbox 1299 295 1404 336; x_wconf 77' lang='lat' dir='ltr'>quae</span> <span class='ocrx_word' id='word_1_10' title='bbox 1434 297 1509 324; x_wconf 72' lang='lat' dir='ltr'>nos</span> <span class='ocrx_word' id='word_1_11' title='bbox 1539 286 1660 326; x_wconf 71' lang='lat' dir='ltr'>festi-</span> 
     </span>
     <span class='ocr_line' id='line_1_3' title="bbox 239 333 1659 390; baseline 0.006 -19"><span class='ocrx_word' id='word_1_12' title='bbox 239 343 385 373; x_wconf 77' lang='lat' dir='ltr'><strong>nantes</strong></span> <span class='ocrx_word' id='word_1_13' title='bbox 411 333 595 373; x_wconf 79' lang='lat' dir='ltr'>incomta</span> <span class='ocrx_word' id='word_1_14' title='bbox 615 335 815 390; x_wconf 87' lang='lat' dir='ltr'>omnique</span> <span class='ocrx_word' id='word_1_15' title='bbox 833 337 991 377; x_wconf 85' lang='lat' dir='ltr'>lumine</span> <span class='ocrx_word' id='word_1_16' title='bbox 1019 351 1151 377; x_wconf 87' lang='lat' dir='ltr'>rerum</span> <span class='ocrx_word' id='word_1_17' title='bbox 1174 337 1430 381; x_wconf 78' lang='lat' dir='ltr'>orationisve</span> <span class='ocrx_word' id='word_1_18' title='bbox 1457 338 1659 382; x_wconf 73' lang='lat' dir='ltr'>destituta</span> 
     </span>
     <span class='ocr_line' id='line_1_4' title="bbox 240 389 504 442; baseline 0.011 -15"><span class='ocrx_word' id='word_1_19' title='bbox 240 389 504 442; x_wconf 77' lang='lat' dir='ltr'>proferimus·</span> 
     </span>
    </p>

    <p class='ocr_par' dir='ltr' id='par_1_3' title="bbox 347 443 1254 500">
     <span class='ocr_line' id='line_1_5' title="bbox 347 443 1254 500; baseline 0.004 -14"><span class='ocrx_word' id='word_1_20' title='bbox 347 444 575 500; x_wconf 76' lang='grc' dir='ltr'><strong><em>διφθέρας]</em></strong></span> <span class='ocrx_word' id='word_1_21' title='bbox 603 443 700 487; x_wconf 84' lang='lat' dir='ltr'>vid.</span> <span class='ocrx_word' id='word_1_22' title='bbox 730 459 854 500; x_wconf 81' lang='lat' dir='ltr'>supra</span> <span class='ocrx_word' id='word_1_23' title='bbox 872 447 970 497; x_wconf 86' lang='lat' dir='ltr'>VII,</span> <span class='ocrx_word' id='word_1_24' title='bbox 1006 458 1097 488; x_wconf 66' lang='grc' dir='ltr'><strong><em>Ωιι.</em></strong></span> <span class='ocrx_word' id='word_1_25' title='bbox 1156 449 1254 490; x_wconf 74' lang='lat' dir='ltr'>Sim.</span> 
     </span>
    </p>

    <p class='ocr_par' dir='ltr' id='par_1_4' title="bbox 242 495 1660 598">
     <span class='ocr_line' id='line_1_6' title="bbox 348 495 1660 557; baseline 0.005 -15"><span class='ocrx_word' id='word_1_26' title='bbox 348 502 506 549; x_wconf 77' lang='grc' dir='ltr'><strong><em>δέλτους</em></strong></span> <span class='ocrx_word' id='word_1_27' title='bbox 538 502 677 544; x_wconf 62' lang='lat' dir='ltr'>asarta.</span> <span class='ocrx_word' id='word_1_28' title='bbox 714 495 770 552; x_wconf 67' lang='grc' dir='ltr'>ὥς</span> <span class='ocrx_word' id='word_1_29' title='bbox 795 505 898 546; x_wconf 77' lang='grc' dir='ltr'><strong><em>ἐστιν</em></strong></span> <span class='ocrx_word' id='word_1_30' title='bbox 926 502 1085 557; x_wconf 77' lang='grc' dir='ltr'><strong><em>εἰπεῖν]</em></strong></span> <span class='ocrx_word' id='word_1_31' title='bbox 1132 502 1238 548; x_wconf 78' lang='grc' dir='ltr'><strong><em>ἔστιν</em></strong></span> <span class='ocrx_word' id='word_1_32' title='bbox 1268 504 1384 545; x_wconf 75' lang='lat' dir='ltr'>abest</span> <span class='ocrx_word' id='word_1_33' title='bbox 1409 518 1433 545; x_wconf 83' lang='lat' dir='ltr'>a</span> <span class='ocrx_word' id='word_1_34' title='bbox 1460 504 1508 545; x_wconf 89' lang='lat' dir='ltr'>C.</span> <span class='ocrx_word' id='word_1_35' title='bbox 1536 507 1586 547; x_wconf 83' lang='lat' dir='ltr'>A.</span> <span class='ocrx_word' id='word_1_36' title='bbox 1618 517 1660 549; x_wconf 88' lang='lat' dir='ltr'>et</span> 
     </span>
     <span class='ocr_line' id='line_1_7' title="bbox 242 555 647 598; baseline 0.01 -4"><span class='ocrx_word' id='word_1_37' title='bbox 242 555 366 595; x_wconf 84' lang='lat' dir='ltr'>Salm.</span> <span class='ocrx_word' id='word_1_38' title='bbox 401 555 447 598; x_wconf 91' lang='lat' dir='ltr'>C.</span> <span class='ocrx_word' id='word_1_39' title='bbox 474 557 647 598; x_wconf 73' lang='lat' dir='ltr'>Humu-</span> 
     </span>
    </p>

    <p class='ocr_par' dir='ltr' id='par_1_5' title="bbox 240 613 1661 931">
     <span class='ocr_line' id='line_1_8' title="bbox 351 613 1658 667; baseline 0.005 -13"><span class='ocrx_word' id='word_1_40' title='bbox 351 613 508 661; x_wconf 83' lang='grc' dir='ltr'><strong><em>δέλτους</em></strong></span> <span class='ocrx_word' id='word_1_41' title='bbox 539 614 687 654; x_wconf 73' lang='grc' dir='ltr'><strong><em>δελτία.</em></strong></span> <span class='ocrx_word' id='word_1_42' title='bbox 734 613 788 661; x_wconf 73' lang='grc' dir='ltr'>ὥς</span> <span class='ocrx_word' id='word_1_43' title='bbox 821 614 927 655; x_wconf 77' lang='grc' dir='ltr'><strong><em>ἔστιν</em></strong></span> <span class='ocrx_word' id='word_1_44' title='bbox 953 614 1108 667; x_wconf 76' lang='grc' dir='ltr'><strong><em>εἰπεῖν]</em></strong></span> <span class='ocrx_word' id='word_1_45' title='bbox 1155 614 1252 656; x_wconf 84' lang='lat' dir='ltr'>MS·</span> <span class='ocrx_word' id='word_1_46' title='bbox 1291 615 1466 667; x_wconf 77' lang='grc' dir='ltr'><strong><em>δέλτους,</em></strong></span> <span class='ocrx_word' id='word_1_47' title='bbox 1506 619 1658 661; x_wconf 83' lang='grc' dir='ltr'><strong><em>δέλτια·</em></strong></span> 
     </span>
     <span class='ocr_line' id='line_1_9' title="bbox 240 666 1660 728; baseline 0.005 -20"><span class='ocrx_word' id='word_1_48' title='bbox 240 666 298 718; x_wconf 75' lang='grc' dir='ltr'><strong><em>οἷς</em></strong></span> <span class='ocrx_word' id='word_1_49' title='bbox 323 670 472 719; x_wconf 71' lang='grc' dir='ltr'><strong><em>εἰπεῖν,</em></strong></span> <span class='ocrx_word' id='word_1_50' title='bbox 515 683 631 722; x_wconf 86' lang='grc' dir='ltr'><strong><em>γραμ.</em></strong></span> <span class='ocrx_word' id='word_1_51' title='bbox 669 669 822 708; x_wconf 71' lang='lat' dir='ltr'>omisso</span> <span class='ocrx_word' id='word_1_52' title='bbox 852 671 975 721; x_wconf 79' lang='grc' dir='ltr'><strong><em>ἐστιν,</em></strong></span> <span class='ocrx_word' id='word_1_53' title='bbox 1021 668 1133 723; x_wconf 79' lang='lat' dir='ltr'>quod</span> <span class='ocrx_word' id='word_1_54' title='bbox 1171 671 1276 710; x_wconf 84' lang='lat' dir='ltr'>mihi</span> <span class='ocrx_word' id='word_1_55' title='bbox 1315 685 1399 710; x_wconf 88' lang='lat' dir='ltr'>non</span> <span class='ocrx_word' id='word_1_56' title='bbox 1437 673 1660 728; x_wconf 77' lang='lat' dir='ltr'>displicere</span> 
     </span>
     <span class='ocr_line' id='line_1_10' title="bbox 241 723 1659 784; baseline 0.005 -22"><span class='ocrx_word' id='word_1_57' title='bbox 241 733 396 775; x_wconf 83' lang='lat' dir='ltr'>potest,</span> <span class='ocrx_word' id='word_1_58' title='bbox 417 724 454 762; x_wconf 88' lang='lat' dir='ltr'>si</span> <span class='ocrx_word' id='word_1_59' title='bbox 474 723 582 762; x_wconf 81' lang='lat' dir='ltr'>absit</span> <span class='ocrx_word' id='word_1_60' title='bbox 601 723 791 778; x_wconf 86' lang='lat' dir='ltr'>inquam:</span> <span class='ocrx_word' id='word_1_61' title='bbox 821 726 951 766; x_wconf 73' lang='grc' dir='ltr'><strong><em>δι’λτια</em></strong></span> <span class='ocrx_word' id='word_1_62' title='bbox 974 739 1072 764; x_wconf 84' lang='lat' dir='ltr'>vero</span> <span class='ocrx_word' id='word_1_63' title='bbox 1095 736 1450 779; x_wconf 81' lang='lat' dir='ltr'>proparoxytone,</span> <span class='ocrx_word' id='word_1_64' title='bbox 1470 739 1517 767; x_wconf 86' lang='lat' dir='ltr'>ut</span> <span class='ocrx_word' id='word_1_65' title='bbox 1536 743 1659 784; x_wconf 80' lang='lat' dir='ltr'>supra</span> 
     </span>
     <span class='ocr_line' id='line_1_11' title="bbox 240 777 1659 836; baseline 0.006 -20"><span class='ocrx_word' id='word_1_66' title='bbox 240 779 314 828; x_wconf 91' lang='lat' dir='ltr'>IV,</span> <span class='ocrx_word' id='word_1_67' title='bbox 339 777 397 821; x_wconf 82' lang='lat'>18.</span> <span class='ocrx_word' id='word_1_68' title='bbox 427 789 470 819; x_wconf 85' lang='lat' dir='ltr'>et</span> <span class='ocrx_word' id='word_1_69' title='bbox 490 778 561 817; x_wconf 89' lang='lat' dir='ltr'>hic</span> <span class='ocrx_word' id='word_1_70' title='bbox 579 793 670 817; x_wconf 90' lang='lat' dir='ltr'>cum</span> <span class='ocrx_word' id='word_1_71' title='bbox 689 779 774 819; x_wconf 88' lang='lat' dir='ltr'>MS.</span> <span class='ocrx_word' id='word_1_72' title='bbox 797 779 974 819; x_wconf 81' lang='lat' dir='ltr'>scribere</span> <span class='ocrx_word' id='word_1_73' title='bbox 995 793 1214 832; x_wconf 85' lang='lat' dir='ltr'>possumus</span> <span class='ocrx_word' id='word_1_74' title='bbox 1229 811 1239 822; x_wconf 89' lang='lat'><strong><em>.</em></strong></span> <span class='ocrx_word' id='word_1_75' title='bbox 1268 795 1344 822; x_wconf 85' lang='lat' dir='ltr'>nec</span> <span class='ocrx_word' id='word_1_76' title='bbox 1364 783 1490 830; x_wconf 86' lang='lat' dir='ltr'>enim,</span> <span class='ocrx_word' id='word_1_77' title='bbox 1521 785 1659 836; x_wconf 86' lang='lat' dir='ltr'>credo,</span> 
     </span>
     <span class='ocr_line' id='line_1_12' title="bbox 241 833 1661 893; baseline 0.004 -21"><span class='ocrx_word' id='word_1_78' title='bbox 241 833 292 872; x_wconf 85' lang='lat' dir='ltr'>ad</span> <span class='ocrx_word' id='word_1_79' title='bbox 311 837 494 889; x_wconf 87' lang='lat' dir='ltr'>regulam</span> <span class='ocrx_word' id='word_1_80' title='bbox 525 843 604 871; x_wconf 79' lang='lat' dir='ltr'>tam</span> <span class='ocrx_word' id='word_1_81' title='bbox 624 834 766 874; x_wconf 84' lang='lat' dir='ltr'>stricte</span> <span class='ocrx_word' id='word_1_82' title='bbox 784 834 1013 874; x_wconf 83' lang='lat' dir='ltr'>revocanda</span> <span class='ocrx_word' id='word_1_83' title='bbox 1027 863 1037 878; x_wconf 87' lang='lat'><strong>.</strong></span> <span class='ocrx_word' id='word_1_84' title='bbox 1069 843 1116 872; x_wconf 90' lang='lat' dir='ltr'>ut</span> <span class='ocrx_word' id='word_1_85' title='bbox 1143 835 1348 876; x_wconf 86' lang='lat' dir='ltr'>eiusmodi</span> <span class='ocrx_word' id='word_1_86' title='bbox 1366 850 1661 893; x_wconf 78' lang='lat' dir='ltr'>paroxytonms</span> 
     </span>
     <span class='ocr_line' id='line_1_13' title="bbox 240 889 1280 931; baseline 0 -3"><span class='ocrx_word' id='word_1_87' title='bbox 240 892 384 929; x_wconf 78' lang='lat' dir='ltr'>saltem</span> <span class='ocrx_word' id='word_1_88' title='bbox 402 889 641 929; x_wconf 80' lang='lat' dir='ltr'><strong>scribamus.</strong></span> <span class='ocrx_word' id='word_1_89' title='bbox 672 890 837 928; x_wconf 85' lang='lat' dir='ltr'>variant</span> <span class='ocrx_word' id='word_1_90' title='bbox 857 900 966 929; x_wconf 86' lang='lat' dir='ltr'>certe</span> <span class='ocrx_word' id='word_1_91' title='bbox 984 889 1096 931; x_wconf 82' lang='lat' dir='ltr'>libri.</span> <span class='ocrx_word' id='word_1_92' title='bbox 1154 891 1280 931; x_wconf 59' lang='lat' dir='ltr'>luna·</span> 
     </span>
    </p>

    <p class='ocr_par' dir='ltr' id='par_1_6' title="bbox 241 946 1662 1098">
     <span class='ocr_line' id='line_1_14' title="bbox 350 946 1660 1001; baseline 0.002 -15"><span class='ocrx_word' id='word_1_93' title='bbox 350 946 639 1000; x_wconf 71' lang='grc' dir='ltr'><strong><em>γραμματίδιον</em></strong></span> <span class='ocrx_word' id='word_1_94' title='bbox 660 946 770 997; x_wconf 84' lang='grc' dir='ltr'><strong><em>δίθ.]</em></strong></span> <span class='ocrx_word' id='word_1_95' title='bbox 801 947 1084 998; x_wconf 75' lang='grc' dir='ltr'><strong><em>γραμματίδιον</em></strong></span> <span class='ocrx_word' id='word_1_96' title='bbox 1102 947 1284 1000; x_wconf 88' lang='grc' dir='ltr'><strong><em>δίθυρον,</em></strong></span> <span class='ocrx_word' id='word_1_97' title='bbox 1313 948 1481 987; x_wconf 75' lang='lat' dir='ltr'>tabulae</span> <span class='ocrx_word' id='word_1_98' title='bbox 1497 949 1660 1001; x_wconf 69' lang='lat' dir='ltr'>basores.</span> 
     </span>
     <span class='ocr_line' id='line_1_15' title="bbox 243 1000 1662 1056; baseline 0.004 -18"><span class='ocrx_word' id='word_1_99' title='bbox 243 1000 424 1048; x_wconf 70' lang='lat' dir='ltr'>Glossae,</span> <span class='ocrx_word' id='word_1_100' title='bbox 455 1002 738 1055; x_wconf 77' lang='grc' dir='ltr'><strong><em>γραμματεῖον,</em></strong></span> <span class='ocrx_word' id='word_1_101' title='bbox 768 1002 929 1050; x_wconf 71' lang='lat' dir='ltr'>tabula,</span> <span class='ocrx_word' id='word_1_102' title='bbox 950 1000 1033 1040; x_wconf 87' lang='lat' dir='ltr'>nisi</span> <span class='ocrx_word' id='word_1_103' title='bbox 1052 1001 1274 1056; x_wconf 85' lang='lat' dir='ltr'>legendum</span> <span class='ocrx_word' id='word_1_104' title='bbox 1301 1001 1377 1050; x_wconf 89' lang='lat' dir='ltr'>ibi,</span> <span class='ocrx_word' id='word_1_105' title='bbox 1407 1004 1662 1044; x_wconf 77' lang='lat' dir='ltr'><em>tabularium</em></span> 
     </span>
     <span class='ocr_line' id='line_1_16' title="bbox 241 1057 550 1098; baseline 0.003 -3"><span class='ocrx_word' id='word_1_106' title='bbox 241 1065 319 1096; x_wconf 88' lang='lat' dir='ltr'>etc.</span> <span class='ocrx_word' id='word_1_107' title='bbox 377 1057 550 1098; x_wconf 76' lang='lat' dir='ltr'>Kumm.</span> 
     </span>
    </p>

    <p class='ocr_par' dir='ltr' id='par_1_7' title="bbox 234 1109 1679 2275">
     <span class='ocr_line' id='line_1_17' title="bbox 351 1109 1661 1167; baseline 0.005 -18"><span class='ocrx_word' id='word_1_108' title='bbox 351 1114 639 1167; x_wconf 64' lang='grc' dir='ltr'>γραμματίδιον</span> <span class='ocrx_word' id='word_1_109' title='bbox 667 1112 861 1167; x_wconf 66' lang='grc' dir='ltr'><strong><em>δίθυρον]</em></strong></span> <span class='ocrx_word' id='word_1_110' title='bbox 915 1109 1148 1150; x_wconf 81' lang='lat' dir='ltr'>Transtulit</span> <span class='ocrx_word' id='word_1_111' title='bbox 1183 1111 1266 1152; x_wconf 91' lang='lat' dir='ltr'>hoc</span> <span class='ocrx_word' id='word_1_112' title='bbox 1292 1114 1445 1153; x_wconf 70' lang='lat' dir='ltr'>Pollux</span> <span class='ocrx_word' id='word_1_113' title='bbox 1471 1125 1613 1154; x_wconf 87' lang='lat' dir='ltr'>noster</span> <span class='ocrx_word' id='word_1_114' title='bbox 1637 1129 1661 1155; x_wconf 79' lang='lat' dir='ltr'>o</span> 
     </span>
     <span class='ocr_line' id='line_1_18' title="bbox 240 1165 1662 1224; baseline 0.002 -18"><span class='ocrx_word' id='word_1_115' title='bbox 240 1169 466 1207; x_wconf 82' lang='lat' dir='ltr'><strong><em>Menandri</em></strong></span> <span class='ocrx_word' id='word_1_116' title='bbox 484 1165 694 1224; x_wconf 68' lang='grc' dir='ltr'><strong><em>Μισογύνῃ</em></strong></span> <span class='ocrx_word' id='word_1_117' title='bbox 707 1180 716 1189; x_wconf 86' lang='grc'><em>·</em></span> <span class='ocrx_word' id='word_1_118' title='bbox 747 1169 781 1207; x_wconf 85' lang='lat' dir='ltr'>is</span> <span class='ocrx_word' id='word_1_119' title='bbox 801 1168 910 1208; x_wconf 88' lang='lat' dir='ltr'>enim</span> <span class='ocrx_word' id='word_1_120' title='bbox 931 1181 981 1206; x_wconf 87' lang='lat' dir='ltr'>ex</span> <span class='ocrx_word' id='word_1_121' title='bbox 1000 1180 1046 1205; x_wconf 83' lang='lat' dir='ltr'>ea</span> <span class='ocrx_word' id='word_1_122' title='bbox 1072 1167 1210 1206; x_wconf 79' lang='lat' dir='ltr'>fabula</span> <span class='ocrx_word' id='word_1_123' title='bbox 1233 1169 1461 1208; x_wconf 76' lang='lat' dir='ltr'>versiculus</span> <span class='ocrx_word' id='word_1_124' title='bbox 1480 1170 1530 1208; x_wconf 84' lang='lat' dir='ltr'>ab</span> <span class='ocrx_word' id='word_1_125' title='bbox 1547 1170 1662 1209; x_wconf 81' lang='lat' dir='ltr'>Har-</span> 
     </span>
     <span class='ocr_line' id='line_1_19' title="bbox 234 1224 1660 1277; baseline 0.006 -15"><span class='ocrx_word' id='word_1_126' title='bbox 234 1227 481 1275; x_wconf 66' lang='lat' dir='ltr'>pacratio‘ne</span> <span class='ocrx_word' id='word_1_127' title='bbox 517 1224 693 1264; x_wconf 83' lang='lat' dir='ltr'>citatur:</span> <span class='ocrx_word' id='word_1_128' title='bbox 740 1224 879 1266; x_wconf 75' lang='grc' dir='ltr'><strong><em>’Ἑλκει</em></strong></span> <span class='ocrx_word' id='word_1_129' title='bbox 915 1225 956 1264; x_wconf 73' lang='grc' dir='ltr'><strong><em>δὲ</em></strong></span> <span class='ocrx_word' id='word_1_130' title='bbox 993 1225 1278 1275; x_wconf 74' lang='grc' dir='ltr'><strong><em>γραμματίδιον</em></strong></span> <span class='ocrx_word' id='word_1_131' title='bbox 1318 1226 1440 1267; x_wconf 70' lang='grc' dir='ltr'><em>ἐκεῖσε</em></span> <span class='ocrx_word' id='word_1_132' title='bbox 1477 1228 1660 1277; x_wconf 76' lang='grc' dir='ltr'><strong><em>δίθυρον.</em></strong></span> 
     </span>
     <span class='ocr_line' id='line_1_20' title="bbox 240 1277 1662 1333; baseline 0.003 -17"><span class='ocrx_word' id='word_1_133' title='bbox 240 1282 357 1318; x_wconf 89' lang='lat' dir='ltr'>locus</span> <span class='ocrx_word' id='word_1_134' title='bbox 387 1280 510 1320; x_wconf 85' lang='lat' dir='ltr'>estin</span> <span class='ocrx_word' id='word_1_135' title='bbox 542 1277 799 1333; x_wconf 73' lang='grc' dir='ltr'><strong><em>παράστασις,</em></strong></span> <span class='ocrx_word' id='word_1_136' title='bbox 857 1277 939 1316; x_wconf 86' lang='lat' dir='ltr'>huc</span> <span class='ocrx_word' id='word_1_137' title='bbox 969 1286 1010 1315; x_wconf 86' lang='lat' dir='ltr'>et</span> <span class='ocrx_word' id='word_1_138' title='bbox 1033 1281 1178 1317; x_wconf 87' lang='lat' dir='ltr'>oculos</span> <span class='ocrx_word' id='word_1_139' title='bbox 1200 1279 1430 1320; x_wconf 70' lang='lat' dir='ltr'><strong>intendisse</strong></span> <span class='ocrx_word' id='word_1_140' title='bbox 1456 1294 1549 1320; x_wconf 86' lang='lat' dir='ltr'>reor</span> <span class='ocrx_word' id='word_1_141' title='bbox 1567 1284 1662 1320; x_wconf 85' lang='lat' dir='ltr'>He·-</span> 
     </span>
     <span class='ocr_line' id='line_1_21' title="bbox 241 1334 1660 1389; baseline 0.003 -17"><span class='ocrx_word' id='word_1_142' title='bbox 241 1337 453 1386; x_wconf 78' lang='lat' dir='ltr'>sychium:</span> <span class='ocrx_word' id='word_1_143' title='bbox 492 1337 676 1388; x_wconf 85' lang='grc' dir='ltr'><strong><em>Λίθυρον</em></strong></span> <span class='ocrx_word' id='word_1_144' title='bbox 713 1336 1025 1389; x_wconf 76' lang='grc' dir='ltr'><strong><em>γραμματίδιον,</em></strong></span> <span class='ocrx_word' id='word_1_145' title='bbox 1069 1334 1276 1388; x_wconf 81' lang='grc' dir='ltr'><strong><em>δίπτυχον·</em></strong></span> <span class='ocrx_word' id='word_1_146' title='bbox 1316 1334 1378 1373; x_wconf 78' lang='lat' dir='ltr'>sic</span> <span class='ocrx_word' id='word_1_147' title='bbox 1403 1336 1512 1374; x_wconf 88' lang='lat' dir='ltr'>enim</span> <span class='ocrx_word' id='word_1_148' title='bbox 1549 1337 1660 1389; x_wconf 84' lang='lat' dir='ltr'>apud</span> 
     </span>
     <span class='ocr_line' id='line_1_22' title="bbox 241 1385 1661 1444; baseline 0.003 -16"><span class='ocrx_word' id='word_1_149' title='bbox 241 1404 333 1429; x_wconf 88' lang='lat' dir='ltr'>eum</span> <span class='ocrx_word' id='word_1_150' title='bbox 354 1390 564 1444; x_wconf 79' lang='lat' dir='ltr'>distingue</span> <span class='ocrx_word' id='word_1_151' title='bbox 593 1390 747 1442; x_wconf 82' lang='lat' dir='ltr'>potius,</span> <span class='ocrx_word' id='word_1_152' title='bbox 805 1390 920 1428; x_wconf 83' lang='lat' dir='ltr'>Idem</span> <span class='ocrx_word' id='word_1_153' title='bbox 939 1385 1160 1442; x_wconf 73' lang='grc' dir='ltr'><strong><em>Λιθῦροις,</em></strong></span> <span class='ocrx_word' id='word_1_154' title='bbox 1187 1387 1401 1444; x_wconf 75' lang='grc' dir='ltr'><strong><em>διπτύχοις.</em></strong></span> <span class='ocrx_word' id='word_1_155' title='bbox 1434 1390 1565 1429; x_wconf 85' lang='lat' dir='ltr'>Attici</span> <span class='ocrx_word' id='word_1_156' title='bbox 1587 1406 1661 1432; x_wconf 88' lang='lat' dir='ltr'>so·-</span> 
     </span>
     <span class='ocr_line' id='line_1_23' title="bbox 238 1443 1661 1500; baseline -0.001 -17"><span class='ocrx_word' id='word_1_157' title='bbox 238 1447 381 1485; x_wconf 87' lang='lat' dir='ltr'>lebant</span> <span class='ocrx_word' id='word_1_158' title='bbox 401 1449 572 1498; x_wconf 81' lang='grc' dir='ltr'><strong><em>θυρίδας</em></strong></span> <span class='ocrx_word' id='word_1_159' title='bbox 590 1445 859 1500; x_wconf 85' lang='lat' dir='ltr'>pugillarium</span> <span class='ocrx_word' id='word_1_160' title='bbox 879 1443 1062 1492; x_wconf 80' lang='lat' dir='ltr'>tabellas,</span> <span class='ocrx_word' id='word_1_161' title='bbox 1082 1457 1186 1496; x_wconf 90' lang='lat' dir='ltr'>quae</span> <span class='ocrx_word' id='word_1_162' title='bbox 1206 1443 1348 1500; x_wconf 73' lang='grc' dir='ltr'><strong><em>πτύχες</em></strong></span> <span class='ocrx_word' id='word_1_163' title='bbox 1367 1445 1482 1495; x_wconf 83' lang='lat' dir='ltr'>alias,</span> <span class='ocrx_word' id='word_1_164' title='bbox 1514 1450 1661 1499; x_wconf 71' lang='lat' dir='ltr'>appel-z</span> 
     </span>
     <span class='ocr_line' id='line_1_24' title="bbox 239 1498 1660 1556; baseline 0.004 -18"><span class='ocrx_word' id='word_1_165' title='bbox 239 1502 336 1542; x_wconf 85' lang='lat' dir='ltr'>lare.</span> <span class='ocrx_word' id='word_1_166' title='bbox 366 1501 618 1554; x_wconf 74' lang='lat' dir='ltr'>Hesychius:</span> <span class='ocrx_word' id='word_1_167' title='bbox 652 1504 836 1555; x_wconf 84' lang='grc' dir='ltr'><strong><em>Θυρίδας,</em></strong></span> <span class='ocrx_word' id='word_1_168' title='bbox 857 1499 1036 1542; x_wconf 79' lang='grc' dir='ltr'><strong><em>Ἀττικοί</em></strong></span> <span class='ocrx_word' id='word_1_169' title='bbox 1051 1498 1120 1548; x_wconf 76' lang='grc' dir='ltr'>τοὶς</span> <span class='ocrx_word' id='word_1_170' title='bbox 1135 1500 1211 1542; x_wconf 79' lang='grc' dir='ltr'>τῶν</span> <span class='ocrx_word' id='word_1_171' title='bbox 1229 1499 1469 1553; x_wconf 78' lang='grc' dir='ltr'><strong><em>γραμμάτων</em></strong></span> <span class='ocrx_word' id='word_1_172' title='bbox 1485 1498 1660 1556; x_wconf 78' lang='grc' dir='ltr'><strong><em>πτύχας·</em></strong></span> 
     </span>
     <span class='ocr_line' id='line_1_25' title="bbox 239 1553 1661 1611; baseline -0.001 -13"><span class='ocrx_word' id='word_1_173' title='bbox 239 1558 304 1598; x_wconf 79' lang='grc' dir='ltr'>καὶ</span> <span class='ocrx_word' id='word_1_174' title='bbox 326 1560 489 1611; x_wconf 85' lang='grc' dir='ltr'><strong><em>δίθυρον</em></strong></span> <span class='ocrx_word' id='word_1_175' title='bbox 517 1558 719 1610; x_wconf 80' lang='grc' dir='ltr'><strong><em>λέγουσιν,</em></strong></span> <span class='ocrx_word' id='word_1_176' title='bbox 747 1555 794 1599; x_wconf 75' lang='grc' dir='ltr'><strong><em>οὐ</em></strong></span> <span class='ocrx_word' id='word_1_177' title='bbox 810 1558 1024 1608; x_wconf 85' lang='grc' dir='ltr'><strong><em>τρίθυρον,</em></strong></span> <span class='ocrx_word' id='word_1_178' title='bbox 1052 1553 1154 1596; x_wconf 62' lang='lat' dir='ltr'>«issoi</span> <span class='ocrx_word' id='word_1_179' title='bbox 1180 1559 1402 1610; x_wconf 82' lang='grc' dir='ltr'><strong><em>τρίπτυχον.</em></strong></span> <span class='ocrx_word' id='word_1_180' title='bbox 1442 1558 1661 1597; x_wconf 73' lang='lat' dir='ltr'>Lucienus</span> 
     </span>
     <span class='ocr_line' id='line_1_26' title="bbox 241 1611 1662 1666; baseline 0.002 -17"><span class='ocrx_word' id='word_1_181' title='bbox 241 1612 285 1650; x_wconf 91' lang='lat' dir='ltr'>in</span> <span class='ocrx_word' id='word_1_182' title='bbox 313 1614 496 1660; x_wconf 80' lang='lat' dir='ltr'>Nerone,</span> <span class='ocrx_word' id='word_1_183' title='bbox 527 1613 713 1666; x_wconf 81' lang='lat' dir='ltr'>quamvis</span> <span class='ocrx_word' id='word_1_184' title='bbox 741 1613 856 1651; x_wconf 87' lang='lat' dir='ltr'>illius</span> <span class='ocrx_word' id='word_1_185' title='bbox 889 1613 1132 1664; x_wconf 87' lang='lat' dir='ltr'>opusculum</span> <span class='ocrx_word' id='word_1_186' title='bbox 1160 1611 1265 1650; x_wconf 86' lang='lat' dir='ltr'>illud</span> <span class='ocrx_word' id='word_1_187' title='bbox 1293 1626 1381 1652; x_wconf 85' lang='lat' dir='ltr'>esse</span> <span class='ocrx_word' id='word_1_188' title='bbox 1403 1626 1490 1651; x_wconf 86' lang='lat' dir='ltr'>non</span> <span class='ocrx_word' id='word_1_189' title='bbox 1507 1614 1662 1653; x_wconf 72' lang='lat' dir='ltr'>existi-</span> 
     </span>
     <span class='ocr_line' id='line_1_27' title="bbox 239 1665 1661 1720; baseline 0.002 -14"><span class='ocrx_word' id='word_1_190' title='bbox 239 1682 370 1718; x_wconf 86' lang='lat' dir='ltr'>mem,</span> <span class='ocrx_word' id='word_1_191' title='bbox 399 1667 468 1706; x_wconf 83' lang='lat' dir='ltr'>sed</span> <span class='ocrx_word' id='word_1_192' title='bbox 495 1667 679 1706; x_wconf 84' lang='lat' dir='ltr'>hominis</span> <span class='ocrx_word' id='word_1_193' title='bbox 705 1668 905 1714; x_wconf 83' lang='lat' dir='ltr'>alicuius,</span> <span class='ocrx_word' id='word_1_194' title='bbox 935 1665 1120 1720; x_wconf 80' lang='lat' dir='ltr'>qui-non</span> <span class='ocrx_word' id='word_1_195' title='bbox 1149 1675 1309 1706; x_wconf 84' lang='lat' dir='ltr'>tantum</span> <span class='ocrx_word' id='word_1_196' title='bbox 1331 1669 1507 1706; x_wconf 74' lang='lat' dir='ltr'>Neronia</span> <span class='ocrx_word' id='word_1_197' title='bbox 1526 1677 1661 1709; x_wconf 79' lang='lat' dir='ltr'>aetate</span> 
     </span>
     <span class='ocr_line' id='line_1_28' title="bbox 240 1720 1660 1776; baseline 0.004 -16"><span class='ocrx_word' id='word_1_198' title='bbox 240 1723 364 1773; x_wconf 87' lang='lat' dir='ltr'>vixit,</span> <span class='ocrx_word' id='word_1_199' title='bbox 395 1722 466 1762; x_wconf 86' lang='lat' dir='ltr'>sed</span> <span class='ocrx_word' id='word_1_200' title='bbox 487 1733 528 1763; x_wconf 92' lang='lat' dir='ltr'>et</span> <span class='ocrx_word' id='word_1_201' title='bbox 551 1733 729 1763; x_wconf 85' lang='lat' dir='ltr'>eummet</span> <span class='ocrx_word' id='word_1_202' title='bbox 749 1723 884 1776; x_wconf 88' lang='lat' dir='ltr'>ipsum</span> <span class='ocrx_word' id='word_1_203' title='bbox 907 1721 1037 1761; x_wconf 85' lang='lat' dir='ltr'>vidit:</span> <span class='ocrx_word' id='word_1_204' title='bbox 1063 1723 1131 1762; x_wconf 74' lang='grc' dir='ltr'>καὶ</span> <span class='ocrx_word' id='word_1_205' title='bbox 1155 1721 1231 1776; x_wconf 77' lang='grc' dir='ltr'>γᾶρ</span> <span class='ocrx_word' id='word_1_206' title='bbox 1251 1720 1302 1773; x_wconf 66' lang='grc' dir='ltr'>δή</span> <span class='ocrx_word' id='word_1_207' title='bbox 1325 1723 1480 1772; x_wconf 75' lang='grc' dir='ltr'><strong><em>δέλτους</em></strong></span> <span class='ocrx_word' id='word_1_208' title='bbox 1496 1725 1660 1776; x_wconf 74' lang='grc' dir='ltr'><strong><em>ἕλεφαν·</em></strong></span> 
     </span>
     <span class='ocr_line' id='line_1_29' title="bbox 239 1775 1656 1833; baseline 0.001 -15"><span class='ocrx_word' id='word_1_209' title='bbox 239 1781 369 1827; x_wconf 82' lang='grc' dir='ltr'><strong><em>τίνους</em></strong></span> <span class='ocrx_word' id='word_1_210' title='bbox 394 1780 460 1820; x_wconf 76' lang='grc' dir='ltr'>καὶ</span> <span class='ocrx_word' id='word_1_211' title='bbox 480 1776 674 1833; x_wconf 76' lang='grc' dir='ltr'><strong><em>διθύρους</em></strong></span> <span class='ocrx_word' id='word_1_212' title='bbox 708 1778 1016 1831; x_wconf 75' lang='grc' dir='ltr'><strong><em>προβεβλημένοι</em></strong></span> <span class='ocrx_word' id='word_1_213' title='bbox 1044 1775 1170 1827; x_wconf 69' lang='grc' dir='ltr'><strong><em>αὐτᾶς</em></strong></span> <span class='ocrx_word' id='word_1_214' title='bbox 1197 1778 1328 1832; x_wconf 72' lang='grc' dir='ltr'><strong><em>ὥσπερ</em></strong></span> <span class='ocrx_word' id='word_1_215' title='bbox 1343 1781 1556 1832; x_wconf 56' lang='grc' dir='ltr'><strong><em>ἓγχξιρίδια</em></strong></span> <span class='ocrx_word' id='word_1_216' title='bbox 1576 1788 1656 1819; x_wconf 81' lang='lat' dir='ltr'>etc.</span> 
     </span>
     <span class='ocr_line' id='line_1_30' title="bbox 238 1832 1661 1887; baseline 0.001 -15"><span class='ocrx_word' id='word_1_217' title='bbox 238 1835 308 1873; x_wconf 90' lang='lat' dir='ltr'>De</span> <span class='ocrx_word' id='word_1_218' title='bbox 346 1833 546 1887; x_wconf 73' lang='grc' dir='ltr'><strong><em>διπτύχοις</em></strong></span> <span class='ocrx_word' id='word_1_219' title='bbox 580 1834 799 1873; x_wconf 82' lang='lat' dir='ltr'>adnotavit</span> <span class='ocrx_word' id='word_1_220' title='bbox 842 1834 1005 1872; x_wconf 59' lang='lat' dir='ltr'>Ladon.</span> <span class='ocrx_word' id='word_1_221' title='bbox 1057 1832 1201 1872; x_wconf 76' lang='lat' dir='ltr'>Carrio</span> <span class='ocrx_word' id='word_1_222' title='bbox 1242 1832 1462 1873; x_wconf 79' lang='lat' dir='ltr'><strong>Emendat.</strong></span> <span class='ocrx_word' id='word_1_223' title='bbox 1502 1833 1576 1875; x_wconf 92' lang='lat' dir='ltr'>lib.</span> <span class='ocrx_word' id='word_1_224' title='bbox 1602 1834 1661 1874; x_wconf 84' lang='grc' dir='ltr'>ῘῙ.</span> 
     </span>
     <span class='ocr_line' id='line_1_31' title="bbox 239 1887 1660 1944; baseline -0.001 -15"><span class='ocrx_word' id='word_1_225' title='bbox 239 1903 330 1939; x_wconf 81' lang='lat' dir='ltr'>cap.</span> <span class='ocrx_word' id='word_1_226' title='bbox 361 1889 398 1930; x_wconf 89' lang='grc'>6.</span> <span class='ocrx_word' id='word_1_227' title='bbox 430 1890 618 1944; x_wconf 82' lang='lat' dir='ltr'>quamvis</span> <span class='ocrx_word' id='word_1_228' title='bbox 643 1899 684 1928; x_wconf 90' lang='lat' dir='ltr'>et</span> <span class='ocrx_word' id='word_1_229' title='bbox 710 1889 770 1928; x_wconf 84' lang='lat' dir='ltr'>ibi</span> <span class='ocrx_word' id='word_1_230' title='bbox 792 1888 1026 1928; x_wconf 80' lang='lat' dir='ltr'>doctissimi</span> <span class='ocrx_word' id='word_1_231' title='bbox 1049 1887 1130 1928; x_wconf 86' lang='lat' dir='ltr'>viri</span> <span class='ocrx_word' id='word_1_232' title='bbox 1143 1888 1512 1943; x_wconf 27' lang='lat' dir='ltr'>&#39;observationibus</span> <span class='ocrx_word' id='word_1_233' title='bbox 1536 1889 1660 1929; x_wconf 86' lang='lat' dir='ltr'>naevi</span> 
     </span>
     <span class='ocr_line' id='line_1_32' title="bbox 239 1944 1660 1998; baseline 0 -14"><span class='ocrx_word' id='word_1_234' title='bbox 239 1944 514 1985; x_wconf 77' lang='lat' dir='ltr'>adhaeserint.</span> <span class='ocrx_word' id='word_1_235' title='bbox 562 1945 827 1996; x_wconf 71' lang='lat' dir='ltr'>Symmachus</span> <span class='ocrx_word' id='word_1_236' title='bbox 863 1954 1020 1993; x_wconf 86' lang='lat' dir='ltr'>autem,</span> <span class='ocrx_word' id='word_1_237' title='bbox 1075 1957 1195 1998; x_wconf 87' lang='lat' dir='ltr'>quem</span> <span class='ocrx_word' id='word_1_238' title='bbox 1233 1944 1295 1982; x_wconf 92' lang='lat' dir='ltr'>ibi</span> <span class='ocrx_word' id='word_1_239' title='bbox 1331 1944 1453 1983; x_wconf 88' lang='lat' dir='ltr'>docte</span> <span class='ocrx_word' id='word_1_240' title='bbox 1488 1954 1530 1983; x_wconf 86' lang='lat' dir='ltr'>et</span> <span class='ocrx_word' id='word_1_241' title='bbox 1565 1958 1660 1985; x_wconf 80' lang='lat' dir='ltr'>vere</span> 
     </span>
     <span class='ocr_line' id='line_1_33' title="bbox 239 1998 1658 2054; baseline 0.001 -16"><span class='ocrx_word' id='word_1_242' title='bbox 239 1999 451 2049; x_wconf 83' lang='lat' dir='ltr'>emendat,</span> <span class='ocrx_word' id='word_1_243' title='bbox 496 2013 600 2054; x_wconf 88' lang='lat' dir='ltr'>quae</span> <span class='ocrx_word' id='word_1_244' title='bbox 631 1999 690 2038; x_wconf 88' lang='lat' dir='ltr'>ibi</span> <span class='ocrx_word' id='word_1_245' title='bbox 723 2000 918 2052; x_wconf 76' lang='lat' dir='ltr'>diptycha</span> <span class='ocrx_word' id='word_1_246' title='bbox 955 1998 1085 2048; x_wconf 85' lang='lat' dir='ltr'>dicit,</span> <span class='ocrx_word' id='word_1_247' title='bbox 1131 1999 1356 2054; x_wconf 84' lang='lat' dir='ltr'>pugillares</span> <span class='ocrx_word' id='word_1_248' title='bbox 1382 1998 1482 2038; x_wconf 86' lang='lat' dir='ltr'>alibi</span> <span class='ocrx_word' id='word_1_249' title='bbox 1521 2009 1658 2041; x_wconf 76' lang='lat' dir='ltr'>vocat.</span> 
     </span>
     <span class='ocr_line' id='line_1_34' title="bbox 236 2053 1663 2107; baseline -0.004 -10"><span class='ocrx_word' id='word_1_250' title='bbox 236 2053 436 2104; x_wconf 79' lang='grc' dir='ltr'><strong><em>Συνᾶδους</em></strong></span> <span class='ocrx_word' id='word_1_251' title='bbox 471 2058 550 2102; x_wconf 77' lang='grc' dir='ltr'><strong><em>’τοῖς</em></strong></span> <span class='ocrx_word' id='word_1_252' title='bbox 586 2058 707 2107; x_wconf 67' lang='grc' dir='ltr'><strong><em>ἱεροῖς</em></strong></span> <span class='ocrx_word' id='word_1_253' title='bbox 743 2053 986 2106; x_wconf 79' lang='grc' dir='ltr'><strong><em>ἑντᾶξασθαι</em></strong></span> <span class='ocrx_word' id='word_1_254' title='bbox 1019 2053 1220 2106; x_wconf 75' lang='grc' dir='ltr'><strong><em>διπτύχοις</em></strong></span> <span class='ocrx_word' id='word_1_255' title='bbox 1246 2055 1289 2094; x_wconf 88' lang='lat' dir='ltr'>in</span> <span class='ocrx_word' id='word_1_256' title='bbox 1318 2054 1510 2106; x_wconf 74' lang='lat' dir='ltr'>Epistola</span> <span class='ocrx_word' id='word_1_257' title='bbox 1541 2055 1663 2093; x_wconf 70' lang='lat' dir='ltr'>Petri</span> 
     </span>
     <span class='ocr_line' id='line_1_35' title="bbox 239 2109 1659 2164; baseline -0.001 -14"><span class='ocrx_word' id='word_1_258' title='bbox 239 2110 288 2150; x_wconf 85' lang='lat' dir='ltr'>ad</span> <span class='ocrx_word' id='word_1_259' title='bbox 308 2111 573 2160; x_wconf 56' lang='lat' dir='ltr'>Michfflem,</span> <span class='ocrx_word' id='word_1_260' title='bbox 603 2110 676 2148; x_wconf 87' lang='lat' dir='ltr'>ubi</span> <span class='ocrx_word' id='word_1_261' title='bbox 703 2110 753 2149; x_wconf 89' lang='lat' dir='ltr'>de</span> <span class='ocrx_word' id='word_1_262' title='bbox 787 2109 952 2163; x_wconf 81' lang='lat' dir='ltr'>scriptis</span> <span class='ocrx_word' id='word_1_263' title='bbox 981 2111 1272 2162; x_wconf 84' lang='lat' dir='ltr'>episcoporum</span> <span class='ocrx_word' id='word_1_264' title='bbox 1300 2110 1435 2149; x_wconf 71' lang='lat' dir='ltr'>literis</span> <span class='ocrx_word' id='word_1_265' title='bbox 1454 2109 1659 2164; x_wconf 81' lang='lat' dir='ltr'>intellige.</span> 
     </span>
     <span class='ocr_line' id='line_1_36' title="bbox 236 2162 1679 2218; baseline -0.001 -13"><span class='ocrx_word' id='word_1_266' title='bbox 236 2167 408 2207; x_wconf 87' lang='lat' dir='ltr'>Plenius</span> <span class='ocrx_word' id='word_1_267' title='bbox 452 2179 475 2206; x_wconf 91' lang='lat' dir='ltr'>e</span> <span class='ocrx_word' id='word_1_268' title='bbox 504 2166 631 2205; x_wconf 87' lang='lat' dir='ltr'>MSS.</span> <span class='ocrx_word' id='word_1_269' title='bbox 677 2180 776 2205; x_wconf 82' lang='lat' dir='ltr'>mox</span> <span class='ocrx_word' id='word_1_270' title='bbox 811 2165 856 2204; x_wconf 89' lang='lat' dir='ltr'>in</span> <span class='ocrx_word' id='word_1_271' title='bbox 895 2165 1319 2218; x_wconf 80' lang='lat' dir='ltr'>Onomascicographo</span> <span class='ocrx_word' id='word_1_272' title='bbox 1357 2174 1503 2204; x_wconf 81' lang='lat' dir='ltr'>nostro</span> <span class='ocrx_word' id='word_1_273' title='bbox 1532 2163 1560 2214; x_wconf 77' lang='grc' dir='ltr'><em>ἢ</em></span> <span class='ocrx_word' id='word_1_274' title='bbox 1593 2162 1679 2208; x_wconf 61' lang='grc' dir='ltr'><strong><em>καῖ</em></strong></span> 
     </span>
     <span class='ocr_line' id='line_1_37' title="bbox 236 2220 621 2275; baseline -0.01 -11"><span class='ocrx_word' id='word_1_275' title='bbox 236 2220 428 2265; x_wconf 80' lang='grc' dir='ltr'><strong><em>πλειόνων</em></strong></span> <span class='ocrx_word' id='word_1_276' title='bbox 447 2221 621 2275; x_wconf 82' lang='grc' dir='ltr'><strong><em>πτυχῶν.</em></strong></span> 
     </span>
    </p>

    <p class='ocr_par' dir='ltr' id='par_1_8' title="bbox 237 2272 1690 2487">
     <span class='ocr_line' id='line_1_38' title="bbox 346 2272 1660 2328; baseline -0.001 -10"><span class='ocrx_word' id='word_1_277' title='bbox 346 2277 374 2327; x_wconf 80' lang='grc' dir='ltr'><em>ἢ</em></span> <span class='ocrx_word' id='word_1_278' title='bbox 399 2276 588 2319; x_wconf 80' lang='grc' dir='ltr'><strong><em>πλειόνων</em></strong></span> <span class='ocrx_word' id='word_1_279' title='bbox 623 2294 686 2318; x_wconf 86' lang='grc' dir='ltr'>πτ.</span> <span class='ocrx_word' id='word_1_280' title='bbox 736 2274 849 2328; x_wconf 78' lang='lat' dir='ltr'>etc-J</span> <span class='ocrx_word' id='word_1_281' title='bbox 902 2273 931 2324; x_wconf 74' lang='grc' dir='ltr'><em>ἢ</em></span> <span class='ocrx_word' id='word_1_282' title='bbox 954 2276 1021 2318; x_wconf 76' lang='grc' dir='ltr'>καὶ</span> <span class='ocrx_word' id='word_1_283' title='bbox 1046 2290 1087 2315; x_wconf 76' lang='grc' dir='ltr'>π·</span> <span class='ocrx_word' id='word_1_284' title='bbox 1128 2291 1170 2316; x_wconf 83' lang='grc' dir='ltr'>π.</span> <span class='ocrx_word' id='word_1_285' title='bbox 1199 2273 1228 2325; x_wconf 73' lang='grc' dir='ltr'><em>ἢ</em></span> <span class='ocrx_word' id='word_1_286' title='bbox 1250 2291 1288 2317; x_wconf 74' lang='grc' dir='ltr'>κ.</span> <span class='ocrx_word' id='word_1_287' title='bbox 1310 2274 1379 2316; x_wconf 82' lang='lat' dir='ltr'>&#39;&#39;O-</span> <span class='ocrx_word' id='word_1_288' title='bbox 1407 2291 1451 2316; x_wconf 77' lang='grc' dir='ltr'>π·</span> <span class='ocrx_word' id='word_1_289' title='bbox 1488 2272 1660 2317; x_wconf 82' lang='grc' dir='ltr'><strong><em>πυκτόν·</em></strong></span> 
     </span>
     <span class='ocr_line' id='line_1_39' title="bbox 237 2327 1690 2387; baseline -0.003 -14"><span class='ocrx_word' id='word_1_290' title='bbox 237 2335 294 2373; x_wconf 82' lang='lat' dir='ltr'>ita</span> <span class='ocrx_word' id='word_1_291' title='bbox 324 2334 372 2374; x_wconf 89' lang='lat' dir='ltr'>C.</span> <span class='ocrx_word' id='word_1_292' title='bbox 402 2334 453 2373; x_wconf 89' lang='lat' dir='ltr'>A.</span> <span class='ocrx_word' id='word_1_293' title='bbox 485 2332 557 2387; x_wconf 90' lang='lat' dir='ltr'>qui</span> <span class='ocrx_word' id='word_1_294' title='bbox 584 2340 626 2371; x_wconf 88' lang='lat' dir='ltr'>et</span> <span class='ocrx_word' id='word_1_295' title='bbox 645 2345 716 2381; x_wconf 86' lang='lat' dir='ltr'>ea,</span> <span class='ocrx_word' id='word_1_296' title='bbox 754 2344 859 2384; x_wconf 88' lang='lat' dir='ltr'>quae</span> <span class='ocrx_word' id='word_1_297' title='bbox 884 2339 1138 2381; x_wconf 75' lang='lat' dir='ltr'>sequuntur,</span> <span class='ocrx_word' id='word_1_298' title='bbox 1170 2343 1254 2370; x_wconf 88' lang='lat' dir='ltr'>non</span> <span class='ocrx_word' id='word_1_299' title='bbox 1286 2329 1414 2369; x_wconf 77' lang='lat' dir='ltr'>habet</span> <span class='ocrx_word' id='word_1_300' title='bbox 1442 2343 1575 2384; x_wconf 79' lang='lat' dir='ltr'>usque</span> <span class='ocrx_word' id='word_1_301' title='bbox 1608 2327 1662 2369; x_wconf 75' lang='lat' dir='ltr'>ad</span> <span class='ocrx_word' id='word_1_302' title='bbox 1687 2344 1690 2374; x_wconf 70' lang='grc'>,’</span> 
     </span>
     <span class='ocr_line' id='line_1_40' title="bbox 237 2381 1658 2443; baseline -0.004 -12"><span class='ocrx_word' id='word_1_303' title='bbox 237 2387 285 2431; x_wconf 80' lang='grc' dir='ltr'>ου’</span> <span class='ocrx_word' id='word_1_304' title='bbox 318 2388 398 2442; x_wconf 78' lang='grc' dir='ltr'><strong><em>μήν</em></strong></span> <span class='ocrx_word' id='word_1_305' title='bbox 440 2387 648 2443; x_wconf 64' lang='lat' dir='ltr'>dynamius·</span> <span class='ocrx_word' id='word_1_306' title='bbox 681 2395 758 2428; x_wconf 88' lang='lat' dir='ltr'>etc.</span> <span class='ocrx_word' id='word_1_307' title='bbox 804 2388 848 2424; x_wconf 89' lang='lat' dir='ltr'>in</span> <span class='ocrx_word' id='word_1_308' title='bbox 883 2381 1036 2427; x_wconf 81' lang='grc' dir='ltr'><strong><em>πυκτδν</em></strong></span> <span class='ocrx_word' id='word_1_309' title='bbox 1063 2385 1278 2424; x_wconf 75' lang='lat' dir='ltr'>consentit</span> <span class='ocrx_word' id='word_1_310' title='bbox 1317 2386 1448 2426; x_wconf 82' lang='lat' dir='ltr'>Solm.</span> <span class='ocrx_word' id='word_1_311' title='bbox 1497 2384 1658 2426; x_wconf 66' lang='lat' dir='ltr'>Cedent.</span> 
     </span>
     <span class='ocr_line' id='line_1_41' title="bbox 237 2445 1549 2487; baseline 0.002 -3"><span class='ocrx_word' id='word_1_312' title='bbox 237 2445 412 2487; x_wconf 68' lang='lat' dir='ltr'>Kuenu.</span> <span class='ocrx_word' id='word_1_313' title='bbox 1543 2446 1549 2451; x_wconf 83' lang='grc'><strong>’</strong></span> 
     </span>
    </p>

    <p class='ocr_par' dir='ltr' id='par_1_9' title="bbox 238 2494 1661 2659">
     <span class='ocr_line' id='line_1_42' title="bbox 346 2494 1659 2550; baseline -0.005 -9"><span class='ocrx_word' id='word_1_314' title='bbox 346 2499 374 2550; x_wconf 77' lang='grc' dir='ltr'><em>ἢ</em></span> <span class='ocrx_word' id='word_1_315' title='bbox 391 2498 582 2543; x_wconf 81' lang='grc' dir='ltr'><strong><em>πλειόνων</em></strong></span> <span class='ocrx_word' id='word_1_316' title='bbox 610 2497 700 2549; x_wconf 89' lang='grc' dir='ltr'><strong><em>πτ.]</em></strong></span> <span class='ocrx_word' id='word_1_317' title='bbox 739 2494 879 2535; x_wconf 86' lang='lat' dir='ltr'>Scribe</span> <span class='ocrx_word' id='word_1_318' title='bbox 896 2495 1101 2548; x_wconf 80' lang='lat' dir='ltr'>particula</span> <span class='ocrx_word' id='word_1_319' title='bbox 1119 2494 1310 2548; x_wconf 76' lang='lat' dir='ltr'>plenius,</span> <span class='ocrx_word' id='word_1_320' title='bbox 1339 2503 1387 2533; x_wconf 87' lang='lat' dir='ltr'>ut</span> <span class='ocrx_word' id='word_1_321' title='bbox 1413 2504 1555 2535; x_wconf 79' lang='lat' dir='ltr'>noster</span> <span class='ocrx_word' id='word_1_322' title='bbox 1571 2494 1659 2534; x_wconf 86' lang='lat' dir='ltr'>MS.</span> 
     </span>
     <span class='ocr_line' id='line_1_43' title="bbox 238 2549 1661 2605; baseline -0.003 -12"><span class='ocrx_word' id='word_1_323' title='bbox 238 2555 385 2604; x_wconf 83' lang='lat' dir='ltr'>habet,</span> <span class='ocrx_word' id='word_1_324' title='bbox 417 2555 443 2605; x_wconf 78' lang='grc' dir='ltr'><em>ἢ</em></span> <span class='ocrx_word' id='word_1_325' title='bbox 473 2556 541 2598; x_wconf 77' lang='grc' dir='ltr'>καὶ</span> <span class='ocrx_word' id='word_1_326' title='bbox 567 2558 632 2595; x_wconf 90' lang='grc' dir='ltr'>πλ.</span> <span class='ocrx_word' id='word_1_327' title='bbox 663 2571 725 2593; x_wconf 89' lang='grc' dir='ltr'>πτ.</span> <span class='ocrx_word' id='word_1_328' title='bbox 757 2551 924 2590; x_wconf 81' lang='lat' dir='ltr'>Homeri</span> <span class='ocrx_word' id='word_1_329' title='bbox 953 2565 1047 2590; x_wconf 85' lang='lat' dir='ltr'>mox</span> <span class='ocrx_word' id='word_1_330' title='bbox 1074 2554 1189 2589; x_wconf 86' lang='lat' dir='ltr'>locus</span> <span class='ocrx_word' id='word_1_331' title='bbox 1223 2561 1264 2589; x_wconf 84' lang='lat' dir='ltr'>et</span> <span class='ocrx_word' id='word_1_332' title='bbox 1297 2563 1419 2602; x_wconf 80' lang='lat' dir='ltr'>supra</span> <span class='ocrx_word' id='word_1_333' title='bbox 1457 2549 1661 2590; x_wconf 57' lang='lat' dir='ltr'>adductus</span> 
     </span>
     <span class='ocr_line' id='line_1_44' title="bbox 238 2605 1656 2659; baseline -0.004 -11"><span class='ocrx_word' id='word_1_334' title='bbox 238 2621 299 2648; x_wconf 87' lang='lat' dir='ltr'>est</span> <span class='ocrx_word' id='word_1_335' title='bbox 322 2611 392 2659; x_wconf 89' lang='lat' dir='ltr'>1V,</span> <span class='ocrx_word' id='word_1_336' title='bbox 427 2610 486 2652; x_wconf 72' lang='lat'>18.</span> <span class='ocrx_word' id='word_1_337' title='bbox 515 2619 562 2648; x_wconf 92' lang='lat' dir='ltr'>ut</span> <span class='ocrx_word' id='word_1_338' title='bbox 586 2606 790 2646; x_wconf 82' lang='lat' dir='ltr'>indicavit</span> <span class='ocrx_word' id='word_1_339' title='bbox 809 2618 850 2647; x_wconf 88' lang='lat' dir='ltr'>et</span> <span class='ocrx_word' id='word_1_340' title='bbox 874 2607 1040 2645; x_wconf 74' lang='lat' dir='ltr'>seherus</span> <span class='ocrx_word' id='word_1_341' title='bbox 1059 2616 1210 2645; x_wconf 84' lang='lat' dir='ltr'>noster.</span> <span class='ocrx_word' id='word_1_342' title='bbox 1269 2605 1390 2659; x_wconf 84' lang='lat' dir='ltr'>Quae</span> <span class='ocrx_word' id='word_1_343' title='bbox 1411 2614 1656 2659; x_wconf 76' lang='lat' dir='ltr'>sequuntur,</span> 
     </span>
    </p>
   </div>
  </div>
 </body>
</html>
