1656 2976
134 116 240 165 2688
720 111 773 159 X.
835 113 928 153 126.

130 224 244 262 nulla
266 218 392 264 MSS.
424 219 674 260 auctoritate
691 219 908 262 munitam.
938 229 1022 262 tam
1041 219 1152 262 enim
1175 229 1239 262 est
1255 219 1396 263 facilis
1413 230 1455 265 et
1471 236 1562 276 per-

131 278 302 331 spicua,
331 285 381 314 ut
415 289 538 315 nemo
563 275 654 314 sani
680 275 836 316 cerebri
870 275 920 316 de
943 276 1034 317 eius
1064 276 1240 318 veritate
1267 278 1325 318 sit
1341 276 1561 318 dubitatu-

130 346 216 373 rus.
258 331 303 370 iu
334 328 574 370 Aristotelis
602 339 736 371 autem
772 331 962 385 utrisque
988 331 1095 371 locis
1127 334 1310 373 maluero
1340 347 1432 372 cum
1457 333 1559 388 qui·

129 387 301 427 busdam
324 386 500 426 eruditis
530 385 632 425 viris
653 388 775 440 ῗιλας,
804 401 857 427 ex
875 387 1111 440 Hesychia,
1143 389 1210 426 vel
1226 388 1350 427 etiam
1369 390 1475 438 λείας
1492 391 1561 428 10..

133 458 244 498 gere.
299 443 432 481 Porro
461 441 512 481 de
539 441 747 495 plerisque
776 441 843 480 his
875 441 1091 482 adeundus
1128 451 1191 481 est
1218 442 1286 482 vir
1305 442 1559 483 eruditionis

133 498 335 546 eximiae,
368 497 444 536 sub
475 496 596 535 cuius
616 498 817 551 auspiciis
844 497 1122 551 Theologiam
1150 511 1216 538 me
1233 497 1459 552 literasqne
1481 498 1557 546 hu·

131 554 338 594 maniores
367 552 599 591 excoluisse
622 551 775 592 honori
817 552 921 591 mihi
955 552 1091 602 duco,
1131 553 1219 592 loli.
1256 553 1477 593 Braunius
1512 554 1557 593 iu

134 623 259 663 opere
284 607 587 661 perfectissimo
609 606 659 647 de
688 609 851 647 Vestitu
873 608 1166 647 Hebraeorum.
1448 605 1450 609 ’

242 666 310 706 καὶ
347 661 548 715 λειαστοῖς,
574 666 643 705 καὶ
667 661 871 719 ἄγνύθας]
912 664 1009 708 MS.
1037 663 1235 718 ἅγνυθες,
1264 673 1315 704 ut
1342 673 1407 704 eat
1431 677 1560 718 supra

130 720 230 770 VH,
257 719 323 762 56.
380 720 479 758 SEB.

242 779 310 817 καὶ
327 770 539 824 λειασιοές,
567 774 635 816 καῖ
652 772 865 828 α’γνιὲθας]
905 772 1011 828 Leg.
1038 775 1107 818 καὶ
1126 774 1233 825 λείας
1262 772 1334 825 τοῖς
1352 775 1421 817 καὶ
1436 773 1557 829 ἄγνυ-

131 849 201 882 ςας
225 846 278 872 ex
301 831 474 881 Hesych.
529 830 703 871 Kumm.

241 890 308 930 καὶ
331 883 532 935 λειαστοές,
561 889 630 928 καὶ
655 880 859 941 α’γιιῦθας]
889 885 1022 937 Supra
1039 883 1137 934 VH,
1170 882 1235 927 56.
1266 894 1330 925 est
1349 886 1456 928 λεῖα·
1482 885 1559 926 ubi

131 955 269 984 tamen
288 942 380 982 MS.
412 939 642 984 deficiebat,
700 942 752 980 In
781 941 986 993 Hesychia
1011 949 1099 980 est:
1127 939 1328 992 Ἀγνῖθες,
1354 943 1471 984 λεῖαι.
1499 942 1558 981 Et

132 1001 307 1040 iterum:
335 994 562 1050 ’Λγνύστας
582 996 686 1048 (ubi
704 997 815 1036 forte
839 995 1060 1050 legendum
1080 994 1280 1050 ᾰγνύθας)
1299 997 1430 1046 λείας·
1458 1001 1497 1040 οἱ
1514 999 1558 1040 δὲ

130 1054 202 1103 τοὶς
218 1054 301 1104 ὤας
317 1054 392 1096 τῶν
407 1053 539 1095 ἱστῶν.
596 1051 712 1092 Idem
731 1050 859 1102 Λεοὶς,
890 1049 959 1100 τοῖς
983 1047 1058 1093 «ind
1080 1054 1158 1094 τῶν
1187 1052 1313 1095 lori-’iv
1338 1068 1560 1109 κρεμαννυ-

130 1113 252 1167 μένας
279 1111 416 1164 ἄκρας.
473 1107 598 1161 Apud
629 1110 813 1150 Ari-stol.
857 1106 931 1146 lib.
969 1106 1004 1148 I.
1043 1105 1096 1147 de
1137 1107 1328 1148 Generat.
1365 1110 1557 1150 Animal.

133 1182 171 1208 c.
189 1165 228 1207 4.
248 1165 338 1215 τούς
362 1163 457 1214 λαάς
469 1161 769 1219 ’προσάπτουσιν
796 1167 839 1205 αἱ
859 1158 1102 1215 ὑᾳαίνουσαι
1118 1165 1201 1211 τοῖς
1228 1166 1376 1212 ἱστοῖς·
1402 1163 1475 1203 lib.
1505 1165 1556 1204 V.

132 1236 233 1264 vero
254 1236 288 1260 c.
304 1236 342 1274 7.
356 1219 629 1274 προσάπτουσι
646 1216 719 1269 τᾰς
746 1220 988 1270 καλουμένας
1010 1216 1139 1267 λαιάς.
1169 1219 1287 1273 Quae
1315 1218 1436 1260 valde
1459 1232 1559 1258 sane

133 1278 309 1318 variant.
348 1290 496 1332 genere
526 1285 664 1314 tamen
701 1275 788 1314 fere
822 1274 1013 1328 sequiore
1037 1273 1143 1312 hanc
1176 1288 1321 1314 vocem
1338 1275 1556 1314 formatam

134 1333 340 1373 invenias.
383 1330 495 1370 Scin'
522 1329 625 1383 quid
653 1329 860 1382 suspicer,
899 1338 940 1367 et
972 1337 1159 1368 nostrum
1189 1330 1402 1368 Pollucem
1435 1342 1558 1382 supra

130 1388 232 1439 VH,
261 1387 326 1430 56.
359 1389 474 1432 λεῖαι,
504 1385 739 1438 scripsisse,
770 1393 811 1424 et
836 1383 907 1423 hic
935 1385 1043 1431 λείας
1068 1382 1150 1433 τοὶς,
1179 1392 1228 1423 ut
1254 1386 1359 1424 male
1387 1386 1559 1424 coalue-

132 1444 242 1494 rint‚
275 1441 387 1496 quod
419 1441 462 1479 in
490 1441 579 1482 MS.
611 1439 722 1479 nihil
746 1439 871 1488 novi,
902 1437 1009 1478 dnae
1033 1442 1233 1489 voculae,
1264 1436 1466 1493 totusque
1484 1438 1558 1479 hic

131 1503 251 1540 locus
278 1496 406 1538 scribi
443 1506 590 1549 queat:
630 1499 698 1538 καὶ
723 1495 953 1545 atellanae,
994 1492 1088 1544 τούς
1118 1498 1187 1537 καὶ
1216 1495 1453 1546 ἱστόποδας,
1491 1499 1559 1538 καὶ

132 1557 265 1606 λείας,
297 1552 371 1601 τοῖς
403 1554 467 1594 καὶ
495 1549 701 1605 οἷγνύθας,
730 1553 796 1592 καὶ
830 1567 897 1592 σπ.
955 1549 1048 1588 Viri
1070 1548 1184 1590 docti
1204 1560 1339 1590 tamen
1358 1560 1559 1602 statuant,

131 1621 182 1650 ut
204 1609 254 1650 de
276 1608 430 1648 nostris
454 1606 660 1648 omnibus.
677 1605 788 1646 Alias
818 1606 1011 1659 ἅγνυθας,
1033 1616 1376 1659 proparoxytone
1396 1605 1557 1659 scripsi,

133 1675 182 1705 ut
206 1665 374 1704 seberus
398 1663 442 1702 in
469 1677 545 1702 suo
564 1662 754 1703 invenit:
783 1663 936 1700 Noster
957 1660 1067 1701 enim
1091 1660 1161 1701 hic
1182 1670 1357 1701 accentu
1379 1658 1557 1713 carebat,

132 1730 176 1762 et
194 1723 344 1761 vocula
373 1720 474 1758 alias
503 1718 651 1769 variat,
684 1727 733 1757 ut
759 1726 802 1758 et
828 1715 987 1756 alicubi
1012 1716 1272 1770 Sylburgium
1292 1716 1559 1758 admonuisse

131 1791 258 1832 supra
280 1775 384 1814 dixi.
438 1775 566 1815 Iunc.

247 1891 336 1931 Φιλ.
365 1881 442 1941 γοῖρ
469 1885 513 1928 ἔν
542 1888 631 1936 Π.]
666 1884 859 1937 ΡΙιίζγίίίί
884 1881 1020 1933 πόλεις
1040 1883 1091 1923 ab
1108 1881 1322 1924 Athenaeo
1341 1881 1402 1920 ita
1423 1881 1555 1922 inter..

134 1942 232 1984 dum
268 1942 476 1994 citantur,
508 1941 626 1994 quasi
654 1950 800 1979 auctor
830 1940 920 1980 eius
949 1940 1113 1980 fabuxae
1144 1939 1327 1978 incertus
1348 1945 1479 1991 esset,
1509 1947 1555 1977 ut

133 1998 277 2041 videre
298 2006 417 2051 potes
438 1995 549 2049 apud
574 1995 748 2035 casaub.
780 1995 861 2037 ΙΙΙ.
891 1997 1033 2034 Αηίιη.
1062 2009 1099 2050 9.
1156 1994 1283 2035 Iuno.

242 2050 287 2097 τδ
308 2050 583 2106 ἶσιουργικόν]
615 2052 662 2092 C.
691 2050 741 2088 A.
770 2052 838 2092 καὶ
860 2049 904 2091 τό
923 2056 952 2093 ἱ.
1008 2051 1180 2091 Kumffl·

242 2108 289 2153 ut
322 2106 600 2164 ἱστουργικόν]
647 2106 739 2147 MS.
778 2106 971 2159 plenius,
1005 2102 1169 2159 πόλεσι,
1205 2106 1274 2148 καὶ
1304 2101 1351 2147 to*
1373 2107 1551 2158 ἱστουργ.

132 2167 360 2207 Iunonum.

242 2219 286 2265 τό
306 2225 477 2274 ἱστουργ.
509 2220 587 2273 ἕργ.
617 2217 723 2269 etc.]
752 2214 992 2256 Adiecimus
1014 2230 1037 2256 e
1057 2217 1180 2258 Mss.
1211 2217 1292 2266 καὶ,
1322 2213 1436 2269 quod
1454 2228 1554 2255 seu-

134 2293 220 2317 sum
246 2275 351 2316 facit
382 2274 627 2328 pleniorem.
666 2282 761 2325 post
784 2271 886 2311 haec
908 2286 1028 2311 nemo
1053 2271 1177 2313 facile
1204 2270 1309 2312 vesti
1339 2271 1379 2309 ia
1399 2269 1553 2310 verbo-

132 2348 221 2373 rum
251 2332 439 2384 Philyllii
468 2329 715 2378 detexisset,
754 2340 859 2381 quae
893 2327 974 2366 iam
1011 2327 1137 2368 MSS.
1176 2285 1387 2365 indicifius
1429 2324 1552 2365 nobis

133 2387 357 2426 clarissima
385 2395 497 2426 sunt.
537 2386 883 2436 langermannum
922 2382 1026 2423 bene
1055 2383 1283 2422 restituisse
1308 2381 1461 2433 opinor
1485 2383 1553 2424 ἐπὶ

131 2448 192 2496 τῷ
209 2457 282 2494 pro
306 2442 448 2491 istius,
479 2454 599 2494 quam
618 2441 689 2479 ille
709 2437 875 2492 reperit,
904 2438 1100 2478 lectionis
1122 2436 1278 2476 indole.
1314 2434 1418 2474 haut
1438 2436 1551 2476 enim

133 2496 304 2536 difficile
326 2495 383 2550 τρῖ
399 2497 441 2534 in
461 2497 539 2538 τῶν
562 2493 806 2535 commutari
828 2502 979 2545 potest.
1019 2493 1090 2534 sed
1111 2494 1323 2544 Excerpta
1349 2490 1554 2530 Fazcken·

131 2554 333 2604 burgiana
358 2555 574 2604 paululum
614 2549 893 2595 dissentiunt,
934 2550 1091 2605 quippe
1120 2562 1226 2603 quae
1255 2545 1368 2585 huuc
1387 2546 1432 2586 iu
1456 2559 1552 2587 mo·-
