1656 2976
733 126 788 168 X.
843 130 937 172 189.
1428 134 1532 176 1881

119 241 386 297 impenditur.
416 239 507 282 fleri
527 240 638 282 enim
656 252 740 281 non
760 248 904 294 potest
922 253 1006 280 non
1021 269 1033 290 ,
1061 248 1110 283 ut
1135 239 1237 280 solis
1263 239 1356 281 nixi
1384 241 1535 284 conie-

119 297 248 338 cturis
265 297 346 338 etsi
362 296 674 338 verisimillimis
699 295 939 348 saepissime
964 295 1164 335 labamur.
1201 295 1283 336 hoc
1311 296 1374 336 illi
1397 295 1538 336 lucide

117 362 218 393 sunt
235 353 422 406 experti,
450 352 525 406 qui
551 350 604 391 ad
629 351 871 391 Aristarchi
896 353 1104 390 lucernam
1130 351 1174 390 in
1191 351 1403 406 poliendis
1423 352 1539 393 anti-

118 421 295 462 quorum
315 418 357 448 et
373 406 618 448 evolvendis
631 405 785 446 chartis
803 406 1038 445 lucubrant.
1095 407 1281 447 Veterem
1293 407 1538 461 scripturam

118 473 422 517 repracsentare
439 476 525 502 non
545 461 627 502 erit
643 461 819 502 inutilez
867 456 912 504 τό
934 462 1007 514 μὲν
1022 457 1071 515 δή
1089 461 1228 513 ξύλον,
1259 465 1315 512 εἰς
1332 461 1356 504 ὃ
1373 463 1541 505 πλέκου-

119 530 162 562 σι
177 517 222 562 τὸ
245 521 267 542 *
283 523 401 561 πῖλον
425 520 468 561 οἱ
491 515 764 571 κοροπλᾶθαι,
794 511 996 571 κᾶνναβος
1019 522 1208 559 καλεῖται·
1237 528 1279 558 et
1296 521 1424 571 paulo
1443 526 1541 571 post

118 571 323 628 κύνναβον
342 578 475 616 καλεῖ·
504 573 575 613 sed
596 571 721 615 MSS.
740 579 783 613 et
803 568 1032 625 Hesychius
1049 572 1237 628 κάναβος,
1267 587 1444 627 quornm
1468 587 1540 613 au.

117 628 307 680 ctoritati
333 643 399 669 me
429 626 572 668 dedidi
599 626 770 679 lubens,
828 641 1064 682 quanquam
1083 638 1125 669 et
1150 630 1253 669 alias
1277 629 1358 668 viri
1387 628 1538 668 summi

121 681 311 737 Scaliger
327 694 370 725 et
388 683 624 725 Salmasius
638 681 843 738 κάνναβον
851 683 1032 723 scribere
1043 694 1192 727 ament.
1226 686 1414 738 κίνναβος
1425 682 1538 737 apud

116 740 292 780 Suidam
308 754 386 780 sno
403 738 551 780 ordine
566 738 743 792 legitur:
779 741 993 793 Κίνναβος,
1015 739 1057 777 in
1065 740 1171 793 quit,
1190 738 1235 783 τὸ
1255 742 1428 791 εἴδωλον,
1439 755 1554 792 προς

120 793 146 838 3
166 798 209 839 ot
222 792 388 839 πλάσται
402 795 471 837 καὶ
491 796 534 837 οἱ
549 791 749 863 ζωγράφοι
759 795 963 849 βλέποντες
978 797 1219 838 διατίθενται
1233 793 1464 844 πλάττοντες
1473 795 1541 836 καὶ

116 849 348 907 γράφοντες.
398 848 687 905 Ἀριστοφανης
713 852 781 892 καὶ
813 847 924 893 ἄλλοι
951 853 1108 893 πολλοὶ·
1142 865 1195 891 ex
1216 851 1366 906 quibus
1395 851 1540 890 multis

120 907 282 960 oppido
300 906 427 960 pauci
450 919 549 945 sane
566 915 802 957 supersunt.
833 905 973 951 eadem
993 904 1121 947 ferme
1135 908 1247 961 legas
1269 908 1311 945 in
1333 902 1540 960 Ἀπ’ἆκρο-

119 965 279 1015 φυσίων
294 961 440 1014 λόγους
459 958 726 1004 ἐνδεικνύναι·
754 961 825 1000 sed
842 962 904 1000 ibi
923 962 1133 1014 posterior
1143 963 1438 1013 Aristophanis
1451 975 1542 1002 ver·

119 1032 190 1057 sus
201 1017 258 1058 ita
269 1016 525 1066 scribendus,
540 1013 666 1057 Hoivr'
676 1009 742 1058 εἶπ’
750 1014 1020 1071 ἄκροφυσίων,
1030 1018 1096 1059 καὶ
1107 1015 1184 1060 oin&
1197 1017 1519 1071 κινναβευμᾶτων
1528 1030 1538 1040 ·

118 1073 242 1113 metri
261 1086 394 1114 causa.
423 1085 510 1111 non
538 1070 769 1112 dubitabile
782 1082 845 1112 est
863 1074 1052 1127 κίνναβον
1068 1071 1183 1113 hunc
1196 1073 1349 1113 Surdae
1364 1072 1541 1113 eundem

119 1142 210 1169 esse
227 1129 398 1169 omnino
411 1138 511 1167 *cnm
531 1125 713 1180 κανάβῳ,
743 1128 821 1168 etsi
846 1142 1064 1182 parumper
1083 1128 1128 1167 in
1150 1129 1267 1169 vocis
1288 1130 1542 1182 interpreta-

119 1184 239 1224 tione
256 1199 278 1224 a
293 1197 338 1224 se
356 1192 502 1222 mutuo
523 1181 751 1222 discedant.
792 1182 864 1223 sed
885 1183 991 1223 illud
1011 1183 1118 1223 tanti
1136 1198 1222 1224 non
1244 1195 1306 1224 est
1325 1183 1543 1238 ponderis,

119 1249 169 1279 ut
184 1253 263 1280 nos
286 1239 438 1279 morari
458 1236 622 1278 debeat:
652 1237 828 1291 κάναβος
843 1238 968 1286 enim,
990 1239 1062 1278 cui
1081 1242 1214 1279 lutum
1234 1238 1543 1279 circumdabant

120 1293 301 1344 fictores,
323 1307 419 1335 vere
447 1294 608 1335 εἴδωλον
628 1293 834 1347 quoddam
856 1304 898 1333 et
915 1294 1180 1348 imaguncula
1203 1305 1302 1337 erat.
1334 1310 1417 1334 non
1441 1294 1542 1335 dee-

59 1363 62 1366 ’
120 1349 177 1389 rit
195 1350 397 1397 fornae,
412 1348 490 1403 -qui
511 1348 686 1388 Suidam
705 1348 774 1388 hic
791 1359 1027 1400 suspectum
1046 1349 1210 1390 habeat.
1240 1360 1281 1390 et
1300 1350 1542 1404 quidnipo-

121 1406 249 1445 tuerit
278 1405 351 1444 hic
373 1404 456 1458 ipsi
486 1404 731 1456 contingere
759 1403 873 1457 quod
909 1405 1003 1443 aliis
1032 1404 1224 1457 pluribus
1254 1405 1299 1444 in
1322 1406 1451 1457 locis,
1480 1415 1542 1458 ut,

121 1459 218 1500 dum
237 1460 392 1500 vitioso
410 1458 544 1499 utitur
566 1458 725 1508 codice,
751 1459 898 1498 malam
917 1460 1083 1499 Lexico
1096 1461 1342 1513 scripturam
1356 1462 1542 1502 inserue-

119 1515 177 1556 rit
201 1529 373 1569 eamque
395 1528 481 1553 non
508 1523 621 1553 recte
645 1514 702 1552 sit
733 1514 1037 1568 interpretatus.
1074 1516 1251 1568 probum
1277 1516 1419 1570 itaque
1445 1517 1541 1572 quia

121 1570 262 1611 credat
281 1569 481 1622 κᾶνναβον
498 1571 569 1609 vel
587 1566 763 1622 κάναβον
790 1579 831 1609 et
866 1569 1160 1625 καναβσύματα·
1195 1571 1308 1612 unde
1333 1576 1542 1626 eleganter

122 1636 165 1666 et
191 1626 348 1666 comice
377 1624 529 1678 ῥήματα
554 1622 633 1666 ἀπὸ
674 1623 1002 1679 καναβευμᾶτων·
1049 1625 1119 1666 sed
1147 1625 1230 1665 hoo
1259 1627 1543 1682 quodcunque

122 1681 244 1736 aequi
262 1681 431 1721 lectoris
449 1679 624 1719 arbitrio
642 1681 861 1732 permitto,
890 1681 964 1736 qui
979 1695 1090 1732 mea,
1119 1681 1155 1719 si
1176 1681 1346 1721 meliora
1368 1681 1542 1736 dederit,

122 1751 196 1790 per
213 1750 277 1776 me
295 1736 395 1776 licet
416 1734 575 1788 refigat.
630 1735 702 1773 De
728 1737 863 1775 nostri
892 1749 988 1776 vero
1019 1738 1208 1781 Pollucis
1233 1739 1329 1776 loco
1348 1740 1543 1777 luculen-

125 1802 188 1832 ter
206 1792 292 1847 egit
314 1793 389 1831 Vir
403 1789 620 1831 Illustriss.
642 1791 787 1829 Ezech.
807 1791 1080 1843 spanhemius
1100 1791 1149 1830 ad
1163 1794 1325 1831 Iuliani
1347 1793 1544 1834 Caesarea

123 1861 217 1902 pag.
245 1845 338 1888 44⁸.
374 1846 447 1885 ubi
467 1845 528 1883 sic
556 1847 695 1883 locum
729 1847 951 1885 constituit
982 1861 1004 1887 e
1036 1847 1084 1891 C.
1119 1849 1350 1892 Vos-viano,
1389 1858 1437 1887 nt
1463 1863 1541 1889 nos

124 1902 442 1944 emendavimus.
499 1900 702 1939 Romanis
733 1911 866 1940 autem
889 1905 1050 1954 stipites
1076 1912 1125 1942 et
1145 1907 1277 1956 stipae
1296 1902 1543 1948 dicebantur

125 1957 316 2012 κάνᾳβοι,
346 1967 395 1996 ut
412 1969 662 2010 cognoscere
683 1966 802 2006 potes
820 1971 843 1995 e
863 1960 981 1998 Festo
1001 1958 1043 1996 in
1070 1960 1317 2009 Stipatores,
1347 1958 1397 1997 ad
1420 1973 1541 2013 quem

123 2017 260 2054 locum
279 2011 484 2052 videndus
502 2011 656 2050 Illustr.
679 2012 884 2064 Scaliger,
918 2013 992 2066 qui
1014 2012 1216 2068 κάνναβον
1236 2028 1258 2052 a
1279 2014 1446 2053 Graecia
1466 2028 1542 2054 no.

124 2070 278 2108 minari·
295 2069 448 2121 inquit.
506 2064 795 2118 Κοροπλάθης,
826 2079 1023 2123 quantum
1053 2070 1247 2114 memini,
1279 2083 1364 2109 uon
1394 2069 1542 2113 usitari

124 2127 245 2166 solet.
263 2124 414 2177 itaque
432 2120 700 2174 κοροπλάθοι,
730 2132 778 2161 ut
797 2133 839 2162 et
857 2124 1074 2163 Illustriss.
1097 2125 1389 2175 spanhemius:
1418 2142 1542 2180 κορο-

123 2179 295 2233 πλᾶστης
312 2179 354 2218 in
368 2177 525 2217 Iuliani
545 2177 788 2216 Caesaribus
805 2188 931 2230 extat,
953 2179 1220 2232 quod-ipsum
1242 2190 1377 2219 tamen
1400 2182 1542 2232 purio-

125 2236 181 2274 ris
200 2234 411 2275 Atticismi
425 2233 616 2273 doctores
634 2233 806 2272 Thomas
818 2234 975 2288 aliique
995 2234 1203 2278 damnant.
1234 2249 1255 2273 a
1269 2250 1350 2288 quo
1365 2235 1540 2287 primum

125 2291 226 2331 haec
237 2305 299 2330 ars
307 2290 362 2328 sit
375 2299 534 2341 reperta
546 2287 732 2326 invenies
744 2288 853 2342 apud
867 2292 1176 2342 Athenagoram
1185 2304 1263 2343 pro
1274 2290 1540 2336 Christianis:

122 2343 229 2389 'Ana
242 2346 284 2388 δὲ
293 2349 362 2396 τῆς
377 2341 545 2399 Κόρηςῆ
562 2343 850 2396 κοροπλαστικὴ
864 2344 1008 2400 εὑρέθη
1022 2357 1030 2366 ·
1041 2388 1044 2390 ,
1054 2345 1127 2383 ubi
1141 2359 1263 2397 porro
1278 2345 1540 2397 historiolam

127 2400 444 2442 denarratistius
471 2398 732 2438 inventionis
751 2402 863 2439 lectu
886 2399 1124 2446 iucundam,
1148 2401 1352 2453 virginem
1378 2401 1542 2449 scilicet

127 2456 245 2494 istam
255 2470 391 2495 amore
403 2455 565 2494 iuvenis
581 2452 761 2492 alicuius
773 2467 1015 2507 correptam,
1029 2455 1198 2508 figuram
1211 2456 1326 2495 illius
1337 2457 1543 2503 dormien-

128 2511 183 2556 tis
195 2509 453 2551 adumbrasse
466 2510 508 2548 in
523 2508 699 2562 pariete,
711 2510 866 2564 cuiusp
874 2511 1012 2551 ulchra
1026 2520 1066 2548 et
1077 2510 1542 2554 mirabilisimilitudine

125 2576 268 2619 captus
293 2575 410 2619 pater
441 2565 597 2615 Corae,
637 2561 763 2604 ducta
788 2567 834 2604 in
863 2567 1021 2620 pariete
1043 2565 1293 2614 lineamenta
1310 2568 1543 2623 excavavit,

180 2641 302 2675 Pollux
328 2642 406 2677 Vol.
432 2644 475 2677 V.
1046 2632 1090 2670 D
1104 2631 1128 2670 d
1141 2632 1164 2670 d
1176 2632 1202 2670 d
1214 2631 1239 2670 d
1251 2632 1276 2671 d
