1690 2996
716 126 769 169 X.
826 130 894 171 48.
1411 126 1517 168 1417

96 244 178 284 eui·
207 253 311 296 quae
333 237 536 291 scriptura
554 237 628 289 rei,
655 237 706 278 de
726 251 805 292 qna
822 250 954 277 sermo
977 244 1052 288 est,
1075 235 1286 289 aptissime
1302 235 1515 276 convenit.

96 292 140 337 at
162 296 204 335 in
226 296 332 344 istis,
363 308 467 350 quae
486 302 731 348 sequuntur,
760 292 948 346 scrupuli
966 294 1059 344 plus
1082 302 1145 332 est
1166 301 1288 346 atque
1316 294 1517 346 molestae

96 352 172 402 rei,
198 363 281 406 qua
299 360 342 389 te
360 363 445 388 non
466 358 655 401 prompte
677 347 875 401 expedire
896 361 1039 401 queas.
1069 348 1123 389 Is.
1149 347 1320 386 Vossius
1336 347 1402 388 vir
1419 361 1518 386 eru-

42 437 46 441 *
97 406 342 455 ditissimus,
373 404 491 443 euius
509 403 751 456 opinionem
774 401 825 441 ad
843 416 887 443 se
906 403 1070 441 missam
1092 402 1371 455 politissimus
1391 403 1516 441 Grae·

97 465 190 501 vius
207 461 253 500 in
274 459 488 500 Hesiodea}
503 459 590 498 luci
611 457 798 508 donavit,
816 458 860 496 in
877 456 991 496 hune
1005 458 1076 496 illa
1091 457 1315 510 refingebat
1325 457 1516 496 modum:

95 515 279 571 καθάπερ
298 521 380 564 τοῖς
398 531 438 557 τε
460 515 692 569 συρομένοις
709 511 756 556 τὰ
773 514 887 565 σκέλη
910 515 1131 567 συμβαίνει,
1166 515 1232 554 καὶ
1263 507 1319 555 οἷν
1336 511 1426 562 τούς
1441 530 1518 555 πε-

97 571 264 626 hirenus
289 567 589 623 ὖφαρπᾶζουσι·
630 569 675 607 in
697 569 848 623 quibus
876 568 1060 607 hominis
1094 582 1265 607 acumen
1294 577 1337 608 et
1366 568 1518 607 indus-

96 628 216 668 triam
236 626 384 666 merito
409 624 630 667 collaudes.
666 623 737 664 sed
757 623 807 664 ad
830 625 1073 663 Aristotelis
1090 624 1331 662 institutum
1345 653 1356 671 ,
1383 624 1520 664 ratio-

96 682 221 723 nibus
237 682 341 722 bene
359 679 594 730 subductis,
623 679 736 719 nihil
757 679 979 733 quicquam
1003 679 1169 718 faciunt
1196 678 1269 717 isti
1296 679 1518 732 loripedes,

98 748 170 778 aut
202 737 354 790 quibus
381 735 603 789 pedulibus
634 747 739 788 opus
771 744 858 775 erat
887 733 939 773 ad
970 733 1194 773 firmandos
1227 747 1402 789 gressus.
1441 749 1519 789 ego

98 786 273 848 propius
294 790 486 831 accedere
509 800 612 844 puto
633 790 683 830 ad
707 790 886 844 vestigia
906 789 1104 829 lectionis
1132 788 1270 828 editae
1301 790 1520 843 ipsiusque

97 849 159 888 rei
177 847 393 888 veritatem
415 845 524 885 hano
546 844 901 885 emendationem:
930 844 1110 898 καθάπερ
1126 851 1209 893 τοῖς
1227 860 1267 887 τε
1289 846 1522 899 συρομένοις

99 902 147 945 *roi
164 903 276 956 σκέλη
298 903 501 956 συμβαίνει
522 901 588 942 καὶ
609 897 663 942 ὧν
679 898 1031 953 τοόςσκολύθρους
1048 897 1346 952 ὗφαρπᾶζουσι·
1373 901 1521 955 ibique

99 972 175 1013 per
194 958 438 1012 συρομένους
455 953 502 997 τὰ
523 957 636 1009 σκέλη
658 955 866 1010 intelligo,
896 956 967 1010 qui
987 954 1165 1008 pedibus
1186 955 1377 996 adductis
1398 967 1440 996 et
1459 966 1520 995 at-

101 1014 245 1053 tractis
278 1009 522 1066 affliguntur
549 1010 602 1050 ad
643 1020 813 1061 terram,
850 1010 964 1064 quod
994 1008 1319 1061 ὑποσκελίζεσθαι
1352 1013 1522 1065 proprie

101 1068 251 1108 Graeci
285 1066 444 1107 dicunt.
490 1080 563 1119 par
591 1066 758 1106 illorum
790 1075 854 1105 est
885 1065 1016 1116 ratio,
1046 1066 1198 1121 quibus
1229 1063 1430 1110 ὖποπὸδια
1454 1071 1522 1107 vel

101 1121 317 1177 σκόλυθροι
344 1119 644 1162 subducuntur.
681 1130 724 1162 et
751 1120 875 1160 istius
901 1121 1115 1175 nequitiae
1136 1123 1267 1170 fuisse
1290 1122 1522 1163 nebulones

103 1177 302 1233 quosdam
325 1174 435 1230 apud
457 1177 710 1229 veteres,qui
730 1175 1007 1229 suppedaneis
1029 1186 1101 1216 aut
1123 1177 1291 1217 sedibus
1307 1177 1523 1218 subductis

101 1233 291 1273 homines
311 1241 541 1272 everterent
561 1231 612 1270 ad
642 1231 878 1271 faciendum
899 1232 1028 1271 risum
1044 1247 1099 1272 ex
1123 1235 1303 1273 Platone
1322 1234 1522 1273 manifes-

100 1298 190 1328 tum
213 1296 286 1328 est.
318 1286 363 1325 iu
385 1285 466 1326 hoc
494 1296 629 1327 autem
651 1287 900 1337 Philosophi
913 1290 1009 1326 loco
1031 1286 1523 1343 ondlvfiooidesuppeda-

101 1344 194 1383 neis
215 1351 313 1382 sunt
336 1341 548 1395 capiendi,
577 1356 662 1381 non
686 1340 736 1380 de
757 1341 870 1381 sellis
886 1341 1203 1395 humilioribus,
1234 1358 1367 1400 neque
1389 1345 1520 1396 obest,

102 1398 218 1453 quod
239 1398 311 1437 illa
333 1397 508 1437 notione
526 1394 711 1451 purioris
737 1397 893 1451 eloquii
920 1407 1108 1438 auctores
1138 1399 1247 1439 hane
1274 1413 1416 1439 vocem
1441 1399 1524 1439 da-

100 1462 260 1500 mnent,
288 1451 493 1506 siqnidem
515 1463 554 1492 et
581 1451 660 1492 alia
680 1451 764 1491 sint
788 1455 997 1507 pluscula,
1030 1468 1157 1508 quae,
1188 1457 1376 1510 quamvis
1398 1455 1446 1494 ab
1469 1456 1523 1495 iis

103 1509 265 1562 virgula
297 1517 462 1557 notata,
494 1511 569 1550 τῶν
593 1508 830 1562 κεκριμένων
853 1518 989 1548 tamen
1020 1511 1271 1550 auctoritate
1304 1511 1521 1559 nituntur;

105 1562 150 1602 id
171 1563 272 1602 alias
294 1562 338 1601 in
362 1572 547 1616 tempore
568 1564 744 1603 forsitan
768 1563 892 1602 latius
915 1564 1192 1605 ostendemus.
1225 1580 1460 1620 quanquam
1482 1576 1526 1606 et

105 1626 311 1672 praeterea
325 1616 374 1658 de
385 1621 602 1658 Aristotele
622 1627 797 1669 constet,
827 1619 960 1667 illum,
982 1620 1045 1658 uti
1069 1635 1201 1668 rerum
1223 1622 1405 1674 ipsarum
1429 1635 1524 1676 cog·

101 1673 307 1712 uitionem
337 1672 386 1712 ab
416 1674 616 1726 opinione
646 1673 841 1727 populari
871 1674 1090 1727 petendam
1118 1676 1276 1726 voluit,
1305 1676 1367 1715 sio
1390 1691 1525 1730 neque

103 1727 391 1768 communibus
410 1728 656 1769 abstinuisse
675 1729 811 1769 verbis
828 1729 1116 1784 loquendique
1138 1731 1287 1782 modis,
1320 1741 1367 1771 ut
1385 1735 1526 1785 plera-

104 1797 185 1837 que
203 1797 306 1838 quae
330 1783 595 1823 Grammatici
616 1784 856 1837 improbant
879 1794 919 1824 et
938 1785 1151 1836 reiiciunt,
1182 1787 1225 1825 in
1246 1788 1335 1826 eius
1357 1789 1524 1841 scriptis

103 1839 296 1892 reperias.
351 1839 488 1878 Prima
524 1854 626 1880 vero
658 1841 779 1879 litera
813 1840 929 1879 vocis
965 1839 1212 1895 σκολύθρους
1236 1843 1360 1883 facile
1390 1844 1525 1895 perire

104 1893 258 1946 potuit,
276 1893 387 1947 quod
407 1894 548 1934 eadem
571 1893 834 1947 praecederet
854 1895 898 1933 in
919 1894 1035 1945 τούς·
1068 1898 1169 1950 quin
1195 1897 1526 1951 etiamvaliquan·

104 1947 159 1987 do
179 1948 320 1989 studio
341 1948 534 1990 librarios
551 1950 740 1990 omisisse
763 1960 834 1988 aut
857 1950 996 1990 literas
1016 1962 1088 1991 aut
1105 1952 1286 2006 syllabas
1311 1953 1527 2006 incipien-

104 2003 159 2042 tis
177 2004 354 2044 alicuius
373 2005 514 2056 vocis,
548 2004 699 2059 quibus
717 2014 802 2044 erat
823 2005 939 2058 prior
956 2005 1076 2046 finita
1089 2041 1100 2058 ,
1130 2007 1288 2047 nemini
1307 2011 1524 2060 paululum

106 2057 150 2097 in
179 2073 222 2098 re
253 2059 409 2100 Critica
437 2070 600 2099 versato
641 2062 768 2100 latere
794 2069 945 2113 potest.
1012 2062 1143 2102 Porro
1179 2076 1270 2102 cum
1290 2064 1527 2115 Philosophi

105 2123 241 2154 mente
269 2113 312 2153 id
342 2115 537 2168 congruit
569 2125 684 2167 apte,
717 2115 830 2168 quod
858 2118 995 2155 nullus
1017 2118 1098 2156 iam
1117 2128 1334 2171 expectat,
1372 2127 1420 2156 ut
1444 2116 1526 2157 hoe

104 2171 200 2209 loeo
220 2168 507 2212 demonstrem.
566 2170 726 2211 Similis
755 2179 817 2210 est
846 2169 947 2210 huic
970 2171 1191 2212 admodum
1222 2175 1347 2212 altera
1370 2179 1459 2212 vox
1482 2173 1526 2212 in

104 2223 247 2263 eodem
266 2225 566 2265 Grammatico:
598 2225 849 2279 Σκολύφρον,
867 2229 1036 2279 θρανίον
1049 2242 1057 2252 ·
1087 2231 1247 2266 mallem
1262 2226 1526 2281 σκολύφριον·

106 2277 156 2318 de
177 2279 373 2318 facillima
397 2282 722 2320 commutatione
746 2285 816 2322 τοῦ
836 2288 868 2322 θ
885 2291 926 2319 et
949 2299 980 2333 φ
999 2282 1107 2320 nihil
1128 2282 1197 2320 hic
1219 2282 1368 2322 dicam.
1429 2284 1527 2322 Tri..

106 2330 184 2371 hus
203 2334 369 2373 innixas
393 2335 522 2374 fuisse
539 2335 713 2388 pedibus
736 2335 806 2374 hic
826 2336 969 2375 innuit
991 2340 1167 2387 Auctor,
1198 2339 1380 2393 talesque
1405 2342 1529 2380 sellae

108 2385 154 2425 in
171 2391 346 2427 nummis
370 2399 410 2428 et
432 2391 704 2430 marmoribus
723 2392 926 2444 plurimae
947 2392 1279 2444 conspiciuntur,
1309 2393 1420 2433 unde
1443 2395 1528 2433 for-

109 2454 213 2479 mam
232 2455 366 2482 earum
388 2455 533 2496 petant
552 2446 718 2485 curiosi.
759 2459 781 2484 a
802 2445 1012 2485 Thessalis
1033 2455 1169 2484 autem
1196 2461 1300 2499 quae
1317 2449 1528 2488 conficie-

109 2494 259 2534 bantur
277 2508 391 2537 erant
410 2500 724 2548 pulcherrimae.
755 2500 805 2539 de
825 2502 937 2539 sellis
957 2511 1098 2539 autem
1121 2501 1376 2542 Thessalicis
1401 2505 1526 2543 modo

111 2551 256 2594 Noster
285 2561 326 2591 et
353 2553 449 2612 VII,
484 2567 568 2596 112.
609 2555 658 2593 ad
678 2571 798 2610 quem
819 2559 956 2595 locum
979 2557 1215 2612 Kuelmizim
1239 2557 1347 2598 vide,
1389 2562 1529 2611 Hesy-

161 2627 284 2661 Pollux
318 2629 399 2665 Vol.
427 2632 471 2664 V.
1071 2622 1110 2661 X
1130 2637 1157 2660 x
1178 2638 1203 2661 x
1227 2638 1255 2661 x
