1690 2996
710 53 764 95 x.
824 57 919 99 128.
1415 44 1524 94 1679

99 173 301 228 χειμόνος,
330 166 506 223 σισῦραι·
535 165 608 208 ubi
629 164 828 220 καύματος
845 179 962 206 eraso
986 163 1235 217 adscriptum
1249 171 1311 204 est
1323 175 1417 203 orae
1434 162 1522 200 Ba·

100 228 286 267 sthennis
306 224 507 265 editionis
528 237 551 262 e
571 222 729 263 Codice
748 222 1069 272 Falckenburgin·
1079 219 1226 263 καύνα·
1257 218 1443 259 exoritur
1452 230 1524 256 au·

97 291 181 323 tem
203 281 304 321 hinc
323 295 370 321 ea
393 279 548 320 lectio:
575 279 643 321 καὶ
666 280 711 320 al'
726 280 794 319 vel
814 277 956 331 potius
979 279 1020 319 οἱ
1035 275 1142 332 παρὰ
1168 273 1391 332 Μενάνδρῳ
1417 289 1523 314 καυ-

98 336 219 382 ’νᾶκαι
238 342 448 391 χειμῶνος,
478 332 646 389 σισύραι.
689 333 741 373 de
764 333 885 372 cuiu's
913 332 1133 381 lectionis,
1165 331 1245 371 etsi
1271 344 1358 370 non
1382 329 1523 382 inepta

99 394 172 442 sit,
202 394 378 433 veritate
396 402 532 431 tamen
552 404 692 444 parum
715 388 915 428 affirmare
932 389 1050 434 licet,
1082 402 1172 427 cum
1193 387 1286 441 ipso
1305 384 1526 424 Menandri·

99 452 196 490 loco
215 447 466 488 deliciamur.
507 442 709 494 καυνάκας
728 444 799 484 hic
818 442 1097 484 emend-udos
1118 458 1140 484 e
1162 443 1282 482 MSS.
1300 439 1525 481 clarissimo

101 504 281 558 probant
308 516 413 557 quae
442 502 593 542 Pollux
616 512 757 540 noster
778 500 945 552 scripsit
967 499 1040 549 VI,
1069 513 1128 539 ιι.
1159 498 1229 538 sed
1250 512 1301 536 an
1321 496 1424 536 haec
1442 508 1525 534 ma·

133 560 184 609 is,
218 559 384 613 priorve
405 558 549 608 lectio,
570 571 690 612 quam
703 555 967 596 exhibuimus
989 555 1032 592 in
1055 563 1187 606 textu,
1210 555 1265 592 sit
1290 552 1527 605 praeferen-

102 574 169 662 da,
200 615 298 654 inde
315 614 545 667 comperire
562 627 646 652 non
674 613 788 652 licet.
846 610 927 650 Sed
949 609 1099 650 addere
1119 609 1317 664 quaedam
1338 608 1455 647 iuvat
1473 603 1526 645 ad

103 669 428 710 illustrationem
450 684 542 708 cum
568 670 768 718 Pollucis,
798 676 885 706 tum
906 667 1038 720 ipsIus
1056 665 1173 705 vocis
1196 664 1396 705 hactenus
1416 662 1527 702 forte

102 725 253 766 bonam
273 735 427 779 partem
450 725 621 764 intacta.
660 725 869 764 Arrianus
890 721 940 761 ad
967 721 1087 762 finem
1107 721 1184 765 lib.
1205 721 1278 760 VI.
1304 718 1354 762 de
1372 717 1524 773 Exped.

103 782 223 824 Alex.
245 780 449 829 καυνάκας
462 783 709 834 πορφυροῦς,
739 789 786 818 ut
806 778 996 818 meliores
1017 777 1171 818 habent
1190 775 1425 830 editiones,
1455 791 1527 818 ce-

104 838 207 877 teris
224 836 540 890 pretiosissimis
562 834 859 890 integumentis
872 833 1026 888 iungit.
1059 835 1232 874 attulere
1245 835 1383 874 locum
1403 833 1526 874 Com·

105 901 356 932 mentatores
379 892 510 930 nostri
522 890 572 930 ad
595 891 690 930 libr.
705 891 776 930 VI.
798 889 940 944 ibique
958 890 1286 943 langermannus
1302 889 1527 944 plurimum

107 947 290 987 haesisse
309 945 413 985 dicit
430 947 690 986 Brissonium
712 945 760 985 de
771 947 905 1000 Regu.
924 945 1034 984 Pers.
1047 946 1120 986 lib.
1132 945 1165 985 Ῑ.
1181 947 1430 999 incorrupta
1442 945 1527 985 loci

108 1002 230 1041 istius
250 1002 434 1042 lectione
455 1000 648 1051 κανάκας·
686 1000 899 1040 sciendum
925 1009 1060 1042 tamen
1090 1010 1153 1041 est
1184 1002 1317 1041 virum
1345 1000 1530 1055 diligen-

108 1057 293 1098 tissimae
319 1058 514 1096 lectionis
541 1067 650 1098 recte
677 1059 909 1096 Attianum
937 1056 1171 1097 emendasse
1199 1057 1272 1097 lib.
1303 1057 1361 1099 ΙΙ.
1379 1056 1453 1095 ubi
1476 1054 1528 1096 de

106 1112 298 1166 καυνᾶκῃ.
338 1123 451 1165 patet
467 1111 598 1167 igitur
610 1113 710 1152 hinc
727 1123 879 1153 vestem
903 1113 1035 1152 fuisse
1057 1116 1278 1168 stragulam
1291 1126 1528 1163 caunacem,

107 1169 160 1209 ab
185 1171 310 1209 altera
330 1178 447 1221 parte
463 1170 653 1208 villosam
667 1197 679 1215 ,
711 1178 757 1207 ut
779 1183 830 1208 ex
851 1169 1057 1222 Hesychia
1077 1178 1253 1214 constat,
1294 1181 1340 1208 ea
1362 1166 1529 1223 signifi-

108 1225 276 1264 catione
296 1224 574 1263 Menandrum
591 1238 823 1277 usurpasse,
845 1224 918 1277 qui
947 1224 1103 1277 pariter
1126 1239 1173 1263 ac
1194 1225 1407 1264 Arrianus
1426 1240 1530 1265 καν-

87 1279 230 1328 ‘vanae
243 1284 483 1332 πορφυροῦς
503 1279 630 1327 dixit,
660 1280 761 1318 satis
781 1280 1044 1333 perspicuum
1056 1289 1118 1319 est
1136 1293 1158 1319 e
1178 1289 1322 1319 nostro
1342 1281 1529 1320 Polluce.

106 1344 205 1376 suut
233 1343 370 1374 tamen
393 1335 467 1387 qui
492 1344 646 1374 vestem
677 1333 928 1388 ἕτερόμαλλον
951 1334 1166 1374 Persarum
1198 1343 1433 1387 exponant,
1463 1334 1528 1373 uti

106 1390 345 1432 Palamedes
360 1390 659 1430 Grammaticus
671 1390 781 1444 apud
797 1391 1099 1442 Aristophanis
1112 1390 1393 1439 Scholiastaem,
1416 1388 1530 1444 quod

108 1447 242 1499 ipsum
261 1459 428 1500 quoque
449 1460 602 1485 verum.
631 1460 717 1485 non
737 1446 846 1485 enim
861 1460 991 1499 pauca
1008 1447 1179 1486 fuerunt
1190 1445 1529 1486 vestimentorum

108 1514 282 1556 genera,
314 1514 419 1553 quae
437 1503 714 1553 stragularum
731 1501 854 1539 etiam
875 1515 995 1540 usum
1018 1501 1234 1551 haberent,
1265 1511 1311 1540 ut
1329 1502 1437 1541 inter
1457 1515 1528 1540 ce-

108 1567 195 1596 tera
217 1554 390 1611 οισύρα,ι
420 1569 526 1608 quae
546 1570 642 1594 mox
668 1556 711 1594 in
731 1557 898 1596 Polluce
914 1557 1116 1610 sequitur.
1160 1556 1220 1595 sic
1237 1555 1346 1609 apud
1373 1558 1530 1595 Arria-

111 1625 208 1651 num
234 1611 390 1664 Periplo
415 1611 479 1658 M,
506 1611 556 1649 E.
585 1607 844 1666 ἇργυρώματα
871 1612 939 1653 καὶ
963 1610 1195 1664 χρυσώματα
1215 1616 1364 1668 τοπικῷ
1387 1614 1532 1668 ῥυθμῷ

110 1668 456 1718 κατεσκευασμένα,
485 1667 550 1708 καὶ
569 1669 731 1719 ἱματίων
751 1665 908 1720 ἆβὸλλαι
925 1669 990 1708 καὶ
1012 1665 1210 1708 καυνάκαι
1226 1665 1357 1709 ἁπλοῖ.
1413 1667 1530 1707 Scri-

110 1723 227 1761 bitur
257 1723 379 1760 etiam
405 1721 628 1777 γαυνάκης,
666 1736 835 1776 eamque
862 1723 1106 1776 scripturam
1133 1722 1334 1772 Romani,
1365 1721 1415 1761 ad
1451 1722 1528 1762 hos

111 1778 220 1817 'enim
241 1786 283 1817 et
310 1777 436 1816 huius
454 1778 570 1816 vocis
591 1777 741 1816 notitia
767 1777 970 1829 pervasit,
999 1787 1274 1831 usurparunt.v
1300 1792 1321 1817 e
1343 1779 1531 1817 Varrone

111 1832 265 1872 dudum
299 1841 361 1871 est
389 1832 499 1887 quod
520 1832 674 1871 eruditi
697 1833 775 1871 viri
794 1832 1059 1886 protulerint.
1101 1833 1255 1872 Isidori
1268 1833 1400 1872 Gloss.
1418 1833 1528 1872 Gau-

111 1902 232 1934 naca,
241 1900 446 1939 gausapa:
467 1888 636 1940 optime,
647 1902 720 1927 nec
731 1888 848 1927 aliter
858 1890 1256 1941 Papias-gausapen
1268 1898 1402 1928 autem
1416 1903 1530 1941 map-

107 1958 206 1996 pam
216 1944 406 1981 villosam
419 1943 597 1996 exponit
606 1944 746 1981 Acron
758 1942 807 1981 ad
820 1946 1058 1984 Horatium.
1074 1958 1195 1996 porro
1205 1944 1394 1983 meminit
1407 1944 1531 1984 etiam

116 1999 308 2048 clemens,
328 2007 487 2051 patrum
508 1995 830 2046 eruditissimus,
854 1999 1039 2052 Paedag.
1059 2001 1085 2038 l.
1111 1999 1169 2038 II.
1192 2013 1281 2050 cap.
1303 2012 1338 2052 9.
1359 2001 1423 2041 uui
1441 1998 1532 2049 τούς

114 2051 410 2108 γαυνᾶκαςτοῦς
421 2051 718 2106 πολυτιμήτους.
749 2055 868 2106 [Post
889 2054 1098 2095 Clementis
1110 2053 1248 2103 verba,
1261 2053 1530 2109 καὶτοὺςγαυ-

113 2107 234 2158 νάκας
242 2107 333 2157 τούς
342 2107 624 2160 πολυτιμήτους
633 2108 732 2147 haec
742 2118 838 2148 sunt
850 2108 1129 2163 adiungenda,
1141 2109 1341 2162 quae‚etsi
1353 2110 1430 2148 iam
1444 2120 1530 2149 tum

115 2178 205 2203 cum
221 2178 267 2204 ea
286 2163 632 2216 imprimerentur,
659 2164 795 2202 literis
819 2174 957 2205 essent
977 2164 1236 2218 consignata,
1265 2165 1408 2204 nescio
1423 2179 1530 2219 quae

115 2224 235 2258 causa
257 2218 480 2258 deridenda
496 2221 784 2272 suppresserit.
841 2219 1092 2274 Progredior
1107 2218 1156 2256 ad
1171 2219 1431 2270 aperiendam
1451 2235 1531 2260 vo-

118 2273 176 2312 cis
206 2273 430 2328 originem,
472 2288 594 2327 quam
624 2288 646 2313 e
674 2275 836 2313 Persica
872 2275 1016 2314 debere
1046 2274 1180 2326 repeti
1204 2274 1353 2326 partim
1373 2285 1529 2316 veteres

117 2327 316 2367 Auctores
345 2329 493 2381 partim
523 2330 612 2380 ipsa
641 2343 703 2368 res
730 2333 918 2369 clamant.
962 2328 1135 2382 propius
1156 2329 1300 2383 igitur,
1329 2331 1392 2369 uti
1409 2345 1529 2382 spero

119 2381 171 2420 ad
187 2383 322 2422 fontes
336 2383 586 2428 accedemuS,
605 2398 724 2438 quam
742 2384 942 2424 hactenus
954 2385 1124 2423 accessit
1142 2385 1374 2437 quisquam.
1406 2386 1530 2440 Apud

123 2435 343 2476 Chaldaeos
374 2453 516 2477 vocem
539 2439 713 2478 invenio
736 2435 916 2479 Graecae
935 2436 1139 2493 γαυνᾶκης
1161 2453 1278 2490 quam
1300 2442 1529 2490 proximam

121 2499 231 2547 “3³:³²
257 2506 327 2532 seu
352 2492 492 2546 potius
511 2504 644 2551 ‘GRH'
673 2495 785 2534 illam
817 2494 1009 2534 adhibuit
1038 2494 1266 2535 Chaldaeus
1287 2495 1487 2550 Interpres
1508 2510 1526 2538 ι
