<?xml version="1.0" encoding="UTF-8"?>
<!DOCTYPE html PUBLIC "-//W3C//DTD XHTML 1.0 Transitional//EN"
    "http://www.w3.org/TR/xhtml1/DTD/xhtml1-transitional.dtd">
<html xmlns="http://www.w3.org/1999/xhtml" xml:lang="en" lang="en">
 <head>
  <title>
</title>
<meta http-equiv="Content-Type" content="text/html;charset=utf-8" />
  <meta name='ocr-system' content='tesseract 3.04.00' />
  <meta name='ocr-capabilities' content='ocr_page ocr_carea ocr_par ocr_line ocrx_word'/>
</head>
<body>
  <div class='ocr_page' id='page_1' title='image "./p2onomastic05polluoft_0118.png"; bbox 0 0 1716 3016; ppageno 0'>
   <div class='ocr_carea' id='block_1_1' title="bbox 208 126 1025 172">
    <p class='ocr_par' dir='ltr' id='par_1_1' title="bbox 208 126 1025 172">
     <span class='ocr_line' id='line_1_1' title="bbox 208 126 1025 172; baseline -0.002 0"><span class='ocrx_word' id='word_1_1' title='bbox 208 130 290 172; x_wconf 87' lang='lat'><strong>968</strong></span> <span class='ocrx_word' id='word_1_2' title='bbox 827 126 903 166; x_wconf 90' lang='grc' dir='ltr'><strong>1Χ.</strong></span> <span class='ocrx_word' id='word_1_3' title='bbox 959 128 1025 170; x_wconf 87' lang='grc'><strong>57.</strong></span> 
     </span>
    </p>
   </div>
   <div class='ocr_carea' id='block_1_2' title="bbox 201 236 1631 2628">
    <p class='ocr_par' dir='ltr' id='par_1_2' title="bbox 201 236 1631 2628">
     <span class='ocr_line' id='line_1_2' title="bbox 213 236 1631 294; baseline -0.003 -14"><span class='ocrx_word' id='word_1_4' title='bbox 213 240 430 280; x_wconf 83' lang='lat' dir='ltr'><strong>intellectu</strong></span> <span class='ocrx_word' id='word_1_5' title='bbox 457 238 630 294; x_wconf 79' lang='lat' dir='ltr'><strong>pendet.</strong></span> <span class='ocrx_word' id='word_1_6' title='bbox 672 252 792 291; x_wconf 86' lang='lat' dir='ltr'><strong>quam</strong></span> <span class='ocrx_word' id='word_1_7' title='bbox 818 237 864 277; x_wconf 89' lang='lat' dir='ltr'><strong>hi</strong></span> <span class='ocrx_word' id='word_1_8' title='bbox 884 241 1077 292; x_wconf 77' lang='grc' dir='ltr'><strong><em>χρυσοῦν,</em></strong></span> <span class='ocrx_word' id='word_1_9' title='bbox 1106 238 1178 277; x_wconf 88' lang='lat' dir='ltr'><strong>ille</strong></span> <span class='ocrx_word' id='word_1_10' title='bbox 1200 251 1304 277; x_wconf 79' lang='lat' dir='ltr'><strong>vero</strong></span> <span class='ocrx_word' id='word_1_11' title='bbox 1324 240 1428 289; x_wconf 71' lang='grc' dir='ltr'><strong><em>μνᾶν</em></strong></span> <span class='ocrx_word' id='word_1_12' title='bbox 1442 236 1631 290; x_wconf 86' lang='lat' dir='ltr'><strong>putavit:</strong></span> 
     </span>
     <span class='ocr_line' id='line_1_3' title="bbox 213 294 1631 350; baseline -0.004 -15"><span class='ocrx_word' id='word_1_13' title='bbox 213 310 291 336; x_wconf 85' lang='lat' dir='ltr'><strong>nec</strong></span> <span class='ocrx_word' id='word_1_14' title='bbox 312 309 480 350; x_wconf 86' lang='lat' dir='ltr'><strong>quoque</strong></span> <span class='ocrx_word' id='word_1_15' title='bbox 497 309 553 334; x_wconf 87' lang='lat' dir='ltr'><strong>ex</strong></span> <span class='ocrx_word' id='word_1_16' title='bbox 575 295 728 334; x_wconf 72' lang='lat' dir='ltr'><strong>Plauti.</strong></span> <span class='ocrx_word' id='word_1_17' title='bbox 743 295 976 347; x_wconf 69' lang='lat' dir='ltr'><strong>Philippiis</strong></span> <span class='ocrx_word' id='word_1_18' title='bbox 994 297 1062 334; x_wconf 86' lang='lat' dir='ltr'><strong>vel</strong></span> <span class='ocrx_word' id='word_1_19' title='bbox 1078 294 1332 344; x_wconf 68' lang='lat' dir='ltr'><em>Philippicis</em></span> <span class='ocrx_word' id='word_1_20' title='bbox 1349 296 1494 343; x_wconf 76' lang='lat' dir='ltr'><strong>minis,</strong></span> <span class='ocrx_word' id='word_1_21' title='bbox 1525 305 1631 346; x_wconf 90' lang='lat' dir='ltr'><strong>qnae</strong></span> 
     </span>
     <span class='ocr_line' id='line_1_4' title="bbox 213 347 1629 404; baseline -0.004 -14"><span class='ocrx_word' id='word_1_22' title='bbox 213 352 391 390; x_wconf 86' lang='lat' dir='ltr'><strong>immane</strong></span> <span class='ocrx_word' id='word_1_23' title='bbox 421 359 622 404; x_wconf 86' lang='lat' dir='ltr'><strong>quantum</strong></span> <span class='ocrx_word' id='word_1_24' title='bbox 658 365 680 390; x_wconf 82' lang='lat' dir='ltr'><strong>a</strong></span> <span class='ocrx_word' id='word_1_25' title='bbox 722 360 871 390; x_wconf 81' lang='lat' dir='ltr'><strong>statere</strong></span> <span class='ocrx_word' id='word_1_26' title='bbox 907 364 1032 391; x_wconf 83' lang='lat' dir='ltr'><strong>aureo</strong></span> <span class='ocrx_word' id='word_1_27' title='bbox 1065 349 1328 400; x_wconf 81' lang='lat' dir='ltr'><strong>discrepant3</strong></span> <span class='ocrx_word' id='word_1_28' title='bbox 1365 358 1491 402; x_wconf 87' lang='lat' dir='ltr'><strong>prout</strong></span> <span class='ocrx_word' id='word_1_29' title='bbox 1520 347 1629 388; x_wconf 85' lang='lat' dir='ltr'><strong>enim</strong></span> 
     </span>
     <span class='ocr_line' id='line_1_5' title="bbox 212 404 1630 459; baseline -0.006 -12"><span class='ocrx_word' id='word_1_30' title='bbox 212 407 491 459; x_wconf 81' lang='lat' dir='ltr'><strong>Philippicum</strong></span> <span class='ocrx_word' id='word_1_31' title='bbox 522 405 608 444; x_wconf 86' lang='lat' dir='ltr'><strong>fuit</strong></span> <span class='ocrx_word' id='word_1_32' title='bbox 628 408 853 452; x_wconf 66' lang='lat' dir='ltr'><strong>talantum,</strong></span> <span class='ocrx_word' id='word_1_33' title='bbox 884 407 1003 445; x_wconf 88' lang='lat' dir='ltr'><strong>cuius</strong></span> <span class='ocrx_word' id='word_1_34' title='bbox 1020 416 1060 446; x_wconf 89' lang='lat' dir='ltr'><strong>et</strong></span> <span class='ocrx_word' id='word_1_35' title='bbox 1084 405 1175 458; x_wconf 87' lang='lat' dir='ltr'><strong>ipse</strong></span> <span class='ocrx_word' id='word_1_36' title='bbox 1197 404 1372 444; x_wconf 64' lang='lat' dir='ltr'><strong>Plautus</strong></span> <span class='ocrx_word' id='word_1_37' title='bbox 1397 404 1442 442; x_wconf 90' lang='lat' dir='ltr'><strong>in</strong></span> <span class='ocrx_word' id='word_1_38' title='bbox 1470 404 1630 441; x_wconf 73' lang='lat' dir='ltr'><strong>Trucu-</strong></span> 
     </span>
     <span class='ocr_line' id='line_1_6' title="bbox 213 457 1630 515; baseline -0.004 -14"><span class='ocrx_word' id='word_1_39' title='bbox 213 464 323 502; x_wconf 81' lang='lat' dir='ltr'><em>lento</em></span> <span class='ocrx_word' id='word_1_40' title='bbox 348 461 560 511; x_wconf 81' lang='lat' dir='ltr'><strong>meminit,</strong></span> <span class='ocrx_word' id='word_1_41' title='bbox 587 460 645 500; x_wconf 85' lang='lat' dir='ltr'><strong>its</strong></span> <span class='ocrx_word' id='word_1_42' title='bbox 666 471 708 502; x_wconf 90' lang='lat' dir='ltr'><strong>et</strong></span> <span class='ocrx_word' id='word_1_43' title='bbox 724 462 992 514; x_wconf 77' lang='lat' dir='ltr'><em>Philippicae</em></span> <span class='ocrx_word' id='word_1_44' title='bbox 1013 462 1130 501; x_wconf 80' lang='lat' dir='ltr'><strong>fuere</strong></span> <span class='ocrx_word' id='word_1_45' title='bbox 1150 463 1301 510; x_wconf 75' lang='lat' dir='ltr'><strong>minae,</strong></span> <span class='ocrx_word' id='word_1_46' title='bbox 1330 473 1434 515; x_wconf 88' lang='lat' dir='ltr'><strong>quae</strong></span> <span class='ocrx_word' id='word_1_47' title='bbox 1453 472 1541 498; x_wconf 84' lang='lat' dir='ltr'><strong>eam</strong></span> <span class='ocrx_word' id='word_1_48' title='bbox 1559 457 1630 496; x_wconf 86' lang='lat' dir='ltr'><strong>ha—</strong></span> 
     </span>
     <span class='ocr_line' id='line_1_7' title="bbox 211 514 1630 572; baseline -0.005 -14"><span class='ocrx_word' id='word_1_49' title='bbox 211 518 336 558; x_wconf 90' lang='lat' dir='ltr'><strong>buere</strong></span> <span class='ocrx_word' id='word_1_50' title='bbox 363 517 415 555; x_wconf 83' lang='lat' dir='ltr'><strong>ad</strong></span> <span class='ocrx_word' id='word_1_51' title='bbox 445 517 607 556; x_wconf 86' lang='lat' dir='ltr'><strong>Atticas</strong></span> <span class='ocrx_word' id='word_1_52' title='bbox 638 517 770 556; x_wconf 82' lang='lat' dir='ltr'><strong>minas</strong></span> <span class='ocrx_word' id='word_1_53' title='bbox 798 518 1023 568; x_wconf 86' lang='lat' dir='ltr'><strong>rationem,</strong></span> <span class='ocrx_word' id='word_1_54' title='bbox 1053 531 1173 572; x_wconf 86' lang='lat' dir='ltr'><strong>quam</strong></span> <span class='ocrx_word' id='word_1_55' title='bbox 1195 517 1398 554; x_wconf 82' lang='lat' dir='ltr'><em>talentum</em></span> <span class='ocrx_word' id='word_1_56' title='bbox 1418 514 1630 566; x_wconf 73' lang='lat' dir='ltr'><strong>Philippi-</strong></span> 
     </span>
     <span class='ocr_line' id='line_1_8' title="bbox 213 569 1629 626; baseline -0.004 -14"><span class='ocrx_word' id='word_1_57' title='bbox 213 587 306 618; x_wconf 75' lang='lat' dir='ltr'><strong>eum</strong></span> <span class='ocrx_word' id='word_1_58' title='bbox 322 571 373 612; x_wconf 87' lang='lat' dir='ltr'><strong>ad</strong></span> <span class='ocrx_word' id='word_1_59' title='bbox 390 573 596 620; x_wconf 81' lang='lat' dir='ltr'><strong>Atticum,</strong></span> <span class='ocrx_word' id='word_1_60' title='bbox 627 571 739 626; x_wconf 89' lang='lat' dir='ltr'><strong>quod</strong></span> <span class='ocrx_word' id='word_1_61' title='bbox 761 573 968 626; x_wconf 79' lang='lat' dir='ltr'>posterius</span> <span class='ocrx_word' id='word_1_62' title='bbox 991 573 1145 626; x_wconf 87' lang='lat' dir='ltr'><strong>prioris</strong></span> <span class='ocrx_word' id='word_1_63' title='bbox 1165 572 1249 610; x_wconf 90' lang='lat' dir='ltr'><strong>fuit</strong></span> <span class='ocrx_word' id='word_1_64' title='bbox 1267 572 1460 624; x_wconf 84' lang='lat' dir='ltr'><strong>triplum,</strong></span> <span class='ocrx_word' id='word_1_65' title='bbox 1490 578 1539 608; x_wconf 88' lang='lat' dir='ltr'><strong>ut</strong></span> <span class='ocrx_word' id='word_1_66' title='bbox 1556 569 1629 608; x_wconf 81' lang='lat' dir='ltr'><strong>ob·</strong></span> 
     </span>
     <span class='ocr_line' id='line_1_9' title="bbox 210 626 1628 681; baseline -0.004 -12"><span class='ocrx_word' id='word_1_67' title='bbox 210 637 348 669; x_wconf 80' lang='lat' dir='ltr'><strong>servat</strong></span> <span class='ocrx_word' id='word_1_68' title='bbox 365 638 475 668; x_wconf 80' lang='lat' dir='ltr'><strong>recte</strong></span> <span class='ocrx_word' id='word_1_69' title='bbox 490 628 701 668; x_wconf 86' lang='lat' dir='ltr'><strong>Illustriss.</strong></span> <span class='ocrx_word' id='word_1_70' title='bbox 722 629 923 681; x_wconf 83' lang='lat' dir='ltr'><em>Scaliger.</em></span> <span class='ocrx_word' id='word_1_71' title='bbox 977 626 1297 680; x_wconf 88' lang='lat' dir='ltr'><strong>Amplectamini</strong></span> <span class='ocrx_word' id='word_1_72' title='bbox 1315 627 1447 680; x_wconf 88' lang='lat' dir='ltr'><strong>igitur</strong></span> <span class='ocrx_word' id='word_1_73' title='bbox 1462 639 1628 665; x_wconf 86' lang='lat' dir='ltr'><strong>sensum</strong></span> 
     </span>
     <span class='ocr_line' id='line_1_10' title="bbox 211 679 1628 724; baseline -0.004 0"><span class='ocrx_word' id='word_1_74' title='bbox 211 684 349 724; x_wconf 83' lang='lat' dir='ltr'><strong>verbis</strong></span> <span class='ocrx_word' id='word_1_75' title='bbox 370 684 553 724; x_wconf 78' lang='lat' dir='ltr'><strong>Pollucis</strong></span> <span class='ocrx_word' id='word_1_76' title='bbox 579 683 714 724; x_wconf 82' lang='lat' dir='ltr'>nostri</span> <span class='ocrx_word' id='word_1_77' title='bbox 742 684 1206 724; x_wconf 84' lang='lat' dir='ltr'><strong>convenientissimum:</strong></span> <span class='ocrx_word' id='word_1_78' title='bbox 1246 682 1442 721; x_wconf 87' lang='lat' dir='ltr'><strong>nimirum</strong></span> <span class='ocrx_word' id='word_1_79' title='bbox 1469 679 1519 720; x_wconf 82' lang='lat' dir='ltr'><strong>ab</strong></span> <span class='ocrx_word' id='word_1_80' title='bbox 1539 693 1628 720; x_wconf 87' lang='lat' dir='ltr'><strong>sese</strong></span> 
     </span>
     <span class='ocr_line' id='line_1_11' title="bbox 211 735 1627 794; baseline -0.004 -15"><span class='ocrx_word' id='word_1_81' title='bbox 211 740 284 780; x_wconf 86' lang='lat' dir='ltr'><strong>illa</strong></span> <span class='ocrx_word' id='word_1_82' title='bbox 307 739 430 779; x_wconf 87' lang='lat' dir='ltr'><strong>nobis</strong></span> <span class='ocrx_word' id='word_1_83' title='bbox 448 739 721 794; x_wconf 70' lang='lat' dir='ltr'><strong>suppeditant</strong></span> <span class='ocrx_word' id='word_1_84' title='bbox 740 749 930 780; x_wconf 80' lang='lat' dir='ltr'>staterem</span> <span class='ocrx_word' id='word_1_85' title='bbox 951 740 1055 789; x_wconf 88' lang='lat' dir='ltr'><strong>auri,</strong></span> <span class='ocrx_word' id='word_1_86' title='bbox 1086 748 1129 779; x_wconf 91' lang='lat' dir='ltr'><strong>et</strong></span> <span class='ocrx_word' id='word_1_87' title='bbox 1147 737 1238 777; x_wconf 88' lang='lat' dir='ltr'><strong>auri</strong></span> <span class='ocrx_word' id='word_1_88' title='bbox 1256 738 1408 776; x_wconf 88' lang='lat' dir='ltr'><strong>minam</strong></span> <span class='ocrx_word' id='word_1_89' title='bbox 1430 735 1627 790; x_wconf 87' lang='lat' dir='ltr'><strong>ponderis</strong></span> 
     </span>
     <span class='ocr_line' id='line_1_12' title="bbox 210 793 1628 849; baseline -0.004 -14"><span class='ocrx_word' id='word_1_90' title='bbox 210 795 402 849; x_wconf 82' lang='lat' dir='ltr'><strong>aequati‚·</strong></span> <span class='ocrx_word' id='word_1_91' title='bbox 440 809 612 842; x_wconf 81' lang='lat' dir='ltr'><strong>aureus,</strong></span> <span class='ocrx_word' id='word_1_92' title='bbox 652 795 815 848; x_wconf 89' lang='lat' dir='ltr'><strong>inquit,</strong></span> <span class='ocrx_word' id='word_1_93' title='bbox 855 804 986 834; x_wconf 83' lang='lat' dir='ltr'><strong>stater</strong></span> <span class='ocrx_word' id='word_1_94' title='bbox 1013 798 1169 833; x_wconf 81' lang='lat' dir='ltr'><strong>minam</strong></span> <span class='ocrx_word' id='word_1_95' title='bbox 1196 794 1386 841; x_wconf 46' lang='lat' dir='ltr'><strong>valeban-</strong></span> <span class='ocrx_word' id='word_1_96' title='bbox 1415 795 1565 832; x_wconf 79' lang='lat' dir='ltr'><strong>etenim</strong></span> <span class='ocrx_word' id='word_1_97' title='bbox 1583 793 1628 828; x_wconf 82' lang='lat' dir='ltr'><strong>in</strong></span> 
     </span>
     <span class='ocr_line' id='line_1_13' title="bbox 210 850 1628 903; baseline -0.003 -14"><span class='ocrx_word' id='word_1_98' title='bbox 210 852 324 890; x_wconf 71' lang='lat' dir='ltr'><strong>rebus</strong></span> <span class='ocrx_word' id='word_1_99' title='bbox 359 853 648 890; x_wconf 71' lang='lat' dir='ltr'><strong>momentaneis</strong></span> <span class='ocrx_word' id='word_1_100' title='bbox 686 854 843 890; x_wconf 78' lang='lat' dir='ltr'><strong>minam</strong></span> <span class='ocrx_word' id='word_1_101' title='bbox 883 851 1196 903; x_wconf 80' lang='lat' dir='ltr'><strong>ponder-ariam,</strong></span> <span class='ocrx_word' id='word_1_102' title='bbox 1255 857 1448 888; x_wconf 75' lang='lat' dir='ltr'><strong>staterem</strong></span> <span class='ocrx_word' id='word_1_103' title='bbox 1490 850 1628 886; x_wconf 80' lang='lat' dir='ltr'><strong>nomi-</strong></span> 
     </span>
     <span class='ocr_line' id='line_1_14' title="bbox 209 903 1626 960; baseline -0.004 -14"><span class='ocrx_word' id='word_1_104' title='bbox 209 915 336 959; x_wconf 77' lang='lat' dir='ltr'><strong>nane;</strong></span> <span class='ocrx_word' id='word_1_105' title='bbox 381 915 422 946; x_wconf 75' lang='lat' dir='ltr'><strong>es</strong></span> <span class='ocrx_word' id='word_1_106' title='bbox 457 907 619 960; x_wconf 82' lang='lat' dir='ltr'><strong>quando</strong></span> <span class='ocrx_word' id='word_1_107' title='bbox 648 916 811 958; x_wconf 76' lang='lat' dir='ltr'><strong>ponunt</strong></span> <span class='ocrx_word' id='word_1_108' title='bbox 837 903 1172 959; x_wconf 77' lang='grc' dir='ltr'><strong><em>πενταστάτηρον,</em></strong></span> <span class='ocrx_word' id='word_1_109' title='bbox 1207 903 1453 956; x_wconf 71' lang='grc' dir='ltr'><strong><em>πεντάμνουν</em></strong></span> <span class='ocrx_word' id='word_1_110' title='bbox 1479 903 1626 942; x_wconf 74' lang='lat' dir='ltr'><strong>viden-</strong></span> 
     </span>
     <span class='ocr_line' id='line_1_15' title="bbox 210 958 1625 1004; baseline -0.004 -2"><span class='ocrx_word' id='word_1_111' title='bbox 210 972 279 1002; x_wconf 77' lang='lat' dir='ltr'><strong>tur</strong></span> <span class='ocrx_word' id='word_1_112' title='bbox 316 964 424 1004; x_wconf 75' lang='lat' dir='ltr'><strong>velle.</strong></span> <span class='ocrx_word' id='word_1_113' title='bbox 481 961 562 1002; x_wconf 87' lang='lat' dir='ltr'><strong>Sed</strong></span> <span class='ocrx_word' id='word_1_114' title='bbox 593 971 730 1001; x_wconf 90' lang='lat' dir='ltr'><strong>tamen</strong></span> <span class='ocrx_word' id='word_1_115' title='bbox 764 961 844 1001; x_wconf 83' lang='lat' dir='ltr'><strong>ista</strong></span> <span class='ocrx_word' id='word_1_116' title='bbox 878 961 1063 1002; x_wconf 75' lang='lat' dir='ltr'><em>Pollucis</em></span> <span class='ocrx_word' id='word_1_117' title='bbox 1095 960 1228 1000; x_wconf 78' lang='lat' dir='ltr'><strong>nostri</strong></span> <span class='ocrx_word' id='word_1_118' title='bbox 1261 960 1298 999; x_wconf 90' lang='lat' dir='ltr'><strong>si</strong></span> <span class='ocrx_word' id='word_1_119' title='bbox 1328 958 1381 999; x_wconf 87' lang='lat' dir='ltr'><strong>ad</strong></span> <span class='ocrx_word' id='word_1_120' title='bbox 1415 959 1504 999; x_wconf 82' lang='lat' dir='ltr'><strong>veri</strong></span> <span class='ocrx_word' id='word_1_121' title='bbox 1540 968 1625 997; x_wconf 84' lang='lat' dir='ltr'><strong>tru-</strong></span> 
     </span>
     <span class='ocr_line' id='line_1_16' title="bbox 210 1012 1626 1072; baseline -0.005 -14"><span class='ocrx_word' id='word_1_122' title='bbox 210 1019 341 1058; x_wconf 87' lang='lat' dir='ltr'><strong>tinam</strong></span> <span class='ocrx_word' id='word_1_123' title='bbox 364 1018 687 1065; x_wconf 88' lang='lat' dir='ltr'><strong>examines,non</strong></span> <span class='ocrx_word' id='word_1_124' title='bbox 708 1017 923 1058; x_wconf 84' lang='lat' dir='ltr'><strong>intercedo</strong></span> <span class='ocrx_word' id='word_1_125' title='bbox 942 1018 1044 1072; x_wconf 90' lang='lat' dir='ltr'><strong>quin</strong></span> <span class='ocrx_word' id='word_1_126' title='bbox 1065 1030 1141 1070; x_wconf 85' lang='lat' dir='ltr'><strong>pro</strong></span> <span class='ocrx_word' id='word_1_127' title='bbox 1160 1017 1278 1055; x_wconf 85' lang='lat' dir='ltr'><strong>falsis</strong></span> <span class='ocrx_word' id='word_1_128' title='bbox 1295 1015 1463 1055; x_wconf 74' lang='lat' dir='ltr'><strong>habeas.</strong></span> <span class='ocrx_word' id='word_1_129' title='bbox 1501 1012 1545 1054; x_wconf 84' lang='lat' dir='ltr'><strong>id</strong></span> <span class='ocrx_word' id='word_1_130' title='bbox 1563 1014 1626 1052; x_wconf 77' lang='lat' dir='ltr'><strong>in·</strong></span> 
     </span>
     <span class='ocr_line' id='line_1_17' title="bbox 210 1070 1627 1126; baseline -0.004 -13"><span class='ocrx_word' id='word_1_131' title='bbox 210 1073 350 1113; x_wconf 81' lang='lat' dir='ltr'>dicavi</span> <span class='ocrx_word' id='word_1_132' title='bbox 382 1074 464 1112; x_wconf 88' lang='lat' dir='ltr'><strong>iam</strong></span> <span class='ocrx_word' id='word_1_133' title='bbox 491 1073 683 1126; x_wconf 90' lang='lat' dir='ltr'><strong>superius</strong></span> <span class='ocrx_word' id='word_1_134' title='bbox 699 1102 712 1122; x_wconf 89' lang='lat'>‚</span> <span class='ocrx_word' id='word_1_135' title='bbox 741 1082 783 1112; x_wconf 87' lang='lat' dir='ltr'><strong>et</strong></span> <span class='ocrx_word' id='word_1_136' title='bbox 800 1082 911 1113; x_wconf 88' lang='lat' dir='ltr'><strong>certe</strong></span> <span class='ocrx_word' id='word_1_137' title='bbox 932 1074 977 1112; x_wconf 87' lang='lat' dir='ltr'><strong>in</strong></span> <span class='ocrx_word' id='word_1_138' title='bbox 1001 1072 1081 1112; x_wconf 83' lang='lat' dir='ltr'><strong>hac</strong></span> <span class='ocrx_word' id='word_1_139' title='bbox 1099 1087 1143 1112; x_wconf 90' lang='lat' dir='ltr'><strong>re</strong></span> <span class='ocrx_word' id='word_1_140' title='bbox 1163 1085 1248 1111; x_wconf 90' lang='lat' dir='ltr'><strong>non</strong></span> <span class='ocrx_word' id='word_1_141' title='bbox 1266 1070 1469 1111; x_wconf 85' lang='lat' dir='ltr'><strong>mediocri</strong></span> <span class='ocrx_word' id='word_1_142' title='bbox 1488 1083 1627 1110; x_wconf 83' lang='lat' dir='ltr'><strong>errore</strong></span> 
     </span>
     <span class='ocr_line' id='line_1_18' title="bbox 209 1125 1627 1184; baseline -0.004 -16"><span class='ocrx_word' id='word_1_143' title='bbox 209 1139 272 1171; x_wconf 83' lang='lat' dir='ltr'><strong>est</strong></span> <span class='ocrx_word' id='word_1_144' title='bbox 303 1129 595 1171; x_wconf 84' lang='lat' dir='ltr'><strong>hallucinatus.</strong></span> <span class='ocrx_word' id='word_1_145' title='bbox 633 1129 726 1184; x_wconf 89' lang='lat' dir='ltr'><strong>quis</strong></span> <span class='ocrx_word' id='word_1_146' title='bbox 754 1129 889 1180; x_wconf 87' lang='lat' dir='ltr'><strong>enim,</strong></span> <span class='ocrx_word' id='word_1_147' title='bbox 921 1143 995 1169; x_wconf 90' lang='lat' dir='ltr'><strong>seu</strong></span> <span class='ocrx_word' id='word_1_148' title='bbox 1025 1128 1204 1181; x_wconf 89' lang='lat' dir='ltr'><strong>pretium</strong></span> <span class='ocrx_word' id='word_1_149' title='bbox 1233 1125 1507 1167; x_wconf 85' lang='lat' dir='ltr'><strong>nummarium</strong></span> <span class='ocrx_word' id='word_1_150' title='bbox 1532 1125 1627 1164; x_wconf 84' lang='lat' dir='ltr'><strong>sive</strong></span> 
     </span>
     <span class='ocr_line' id='line_1_19' title="bbox 209 1181 1625 1239; baseline -0.004 -14"><span class='ocrx_word' id='word_1_151' title='bbox 209 1185 408 1239; x_wconf 83' lang='lat' dir='ltr'><strong>ponderis</strong></span> <span class='ocrx_word' id='word_1_152' title='bbox 425 1198 597 1225; x_wconf 79' lang='lat' dir='ltr'><strong>examen</strong></span> <span class='ocrx_word' id='word_1_153' title='bbox 622 1185 856 1238; x_wconf 81' lang='lat' dir='ltr'><strong>intelligas,</strong></span> <span class='ocrx_word' id='word_1_154' title='bbox 894 1184 1046 1223; x_wconf 90' lang='lat' dir='ltr'><strong>minam</strong></span> <span class='ocrx_word' id='word_1_155' title='bbox 1074 1193 1117 1224; x_wconf 91' lang='lat' dir='ltr'><strong>et</strong></span> <span class='ocrx_word' id='word_1_156' title='bbox 1144 1192 1335 1222; x_wconf 83' lang='lat' dir='ltr'><strong>staterem</strong></span> <span class='ocrx_word' id='word_1_157' title='bbox 1357 1181 1466 1222; x_wconf 86' lang='lat' dir='ltr'><strong>idem</strong></span> <span class='ocrx_word' id='word_1_158' title='bbox 1488 1183 1625 1220; x_wconf 83' lang='lat' dir='ltr'><strong>valere</strong></span> 
     </span>
     <span class='ocr_line' id='line_1_20' title="bbox 208 1237 1627 1294; baseline -0.002 -14"><span class='ocrx_word' id='word_1_159' title='bbox 208 1240 351 1280; x_wconf 75' lang='lat' dir='ltr'><strong>dixit?</strong></span> <span class='ocrx_word' id='word_1_160' title='bbox 369 1241 638 1294; x_wconf 85' lang='lat' dir='ltr'><strong>antiquorum</strong></span> <span class='ocrx_word' id='word_1_161' title='bbox 654 1249 763 1279; x_wconf 87' lang='lat' dir='ltr'><strong>certe</strong></span> <span class='ocrx_word' id='word_1_162' title='bbox 775 1254 922 1280; x_wconf 83' lang='lat' dir='ltr'><strong>nemo:</strong></span> <span class='ocrx_word' id='word_1_163' title='bbox 944 1253 1081 1292; x_wconf 85' lang='lat' dir='ltr'><strong>neque</strong></span> <span class='ocrx_word' id='word_1_164' title='bbox 1096 1240 1301 1278; x_wconf 65' lang='lat' dir='ltr'><strong>Sosio-rati</strong></span> <span class='ocrx_word' id='word_1_165' title='bbox 1314 1237 1627 1290; x_wconf 72' lang='grc' dir='ltr'><strong><em>πενταστάτηρον</em></strong></span> 
     </span>
     <span class='ocr_line' id='line_1_21' title="bbox 207 1294 1626 1349; baseline -0.004 -13"><span class='ocrx_word' id='word_1_166' title='bbox 207 1297 338 1336; x_wconf 80' lang='lat' dir='ltr'><strong>fuerit</strong></span> <span class='ocrx_word' id='word_1_167' title='bbox 354 1294 626 1349; x_wconf 81' lang='grc' dir='ltr'><strong><em>πεντάμνουν·</em></strong></span> <span class='ocrx_word' id='word_1_168' title='bbox 655 1299 782 1349; x_wconf 81' lang='grc' dir='ltr'><strong><em>λῆροι,</em></strong></span> <span class='ocrx_word' id='word_1_169' title='bbox 812 1300 937 1348; x_wconf 82' lang='grc' dir='ltr'><strong><em>λῆροι.</em></strong></span> <span class='ocrx_word' id='word_1_170' title='bbox 988 1294 1070 1336; x_wconf 90' lang='lat' dir='ltr'><strong>Sed</strong></span> <span class='ocrx_word' id='word_1_171' title='bbox 1100 1295 1210 1347; x_wconf 84' lang='lat' dir='ltr'><strong>quod</strong></span> <span class='ocrx_word' id='word_1_172' title='bbox 1234 1295 1409 1346; x_wconf 80' lang='lat' dir='ltr'><strong>quinque</strong></span> <span class='ocrx_word' id='word_1_173' title='bbox 1422 1301 1626 1333; x_wconf 68' lang='lat' dir='ltr'><strong>staterum</strong></span> 
     </span>
     <span class='ocr_line' id='line_1_22' title="bbox 202 1348 1624 1405; baseline -0.006 -15"><span class='ocrx_word' id='word_1_174' title='bbox 202 1352 366 1405; x_wconf 83' lang='lat' dir='ltr'><strong>pondus</strong></span> <span class='ocrx_word' id='word_1_175' title='bbox 387 1353 522 1402; x_wconf 80' lang='lat' dir='ltr'><strong>habet,</strong></span> <span class='ocrx_word' id='word_1_176' title='bbox 549 1352 839 1404; x_wconf 53' lang='lat' dir='ltr'><strong>quint-melihre⁹</strong></span> <span class='ocrx_word' id='word_1_177' title='bbox 870 1361 916 1389; x_wconf 83' lang='lat' dir='ltr'><strong>ut</strong></span> <span class='ocrx_word' id='word_1_178' title='bbox 935 1348 1200 1404; x_wconf 74' lang='grc' dir='ltr'><strong><em>πεντάμνουν,</em></strong></span> <span class='ocrx_word' id='word_1_179' title='bbox 1213 1349 1322 1402; x_wconf 84' lang='lat' dir='ltr'><strong>quod</strong></span> <span class='ocrx_word' id='word_1_180' title='bbox 1329 1352 1510 1402; x_wconf 79' lang='lat' dir='ltr'><strong>quinque</strong></span> <span class='ocrx_word' id='word_1_181' title='bbox 1525 1362 1624 1399; x_wconf 69' lang='lat' dir='ltr'><strong>pen.</strong></span> 
     </span>
     <span class='ocr_line' id='line_1_23' title="bbox 208 1398 1622 1462; baseline -0.004 -16"><span class='ocrx_word' id='word_1_182' title='bbox 208 1408 329 1446; x_wconf 78' lang='lat' dir='ltr'><strong>debat</strong></span> <span class='ocrx_word' id='word_1_183' title='bbox 355 1410 506 1447; x_wconf 73' lang='lat' dir='ltr'><strong>minae.</strong></span> <span class='ocrx_word' id='word_1_184' title='bbox 575 1409 628 1447; x_wconf 86' lang='lat' dir='ltr'><strong>Et</strong></span> <span class='ocrx_word' id='word_1_185' title='bbox 656 1406 876 1460; x_wconf 88' lang='lat' dir='ltr'><strong>probemus</strong></span> <span class='ocrx_word' id='word_1_186' title='bbox 904 1420 1073 1462; x_wconf 90' lang='lat' dir='ltr'><strong>quoque</strong></span> <span class='ocrx_word' id='word_1_187' title='bbox 1102 1407 1258 1460; x_wconf 77' lang='lat' dir='ltr'><strong>paucis.</strong></span> <span class='ocrx_word' id='word_1_188' title='bbox 1300 1398 1483 1444; x_wconf 83' lang='lat' dir='ltr'><strong>Darious</strong></span> <span class='ocrx_word' id='word_1_189' title='bbox 1514 1403 1622 1442; x_wconf 87' lang='lat' dir='ltr'><strong>idem</strong></span> 
     </span>
     <span class='ocr_line' id='line_1_24' title="bbox 209 1458 1624 1519; baseline -0.004 -17"><span class='ocrx_word' id='word_1_190' title='bbox 209 1464 285 1519; x_wconf 74' lang='lat' dir='ltr'><strong>qui</strong></span> <span class='ocrx_word' id='word_1_191' title='bbox 303 1472 430 1503; x_wconf 86' lang='lat' dir='ltr'><strong>stater</strong></span> <span class='ocrx_word' id='word_1_192' title='bbox 450 1461 637 1516; x_wconf 87' lang='lat' dir='ltr'><strong>pondere</strong></span> <span class='ocrx_word' id='word_1_193' title='bbox 654 1477 701 1501; x_wconf 92' lang='lat' dir='ltr'><strong>ac</strong></span> <span class='ocrx_word' id='word_1_194' title='bbox 715 1465 879 1514; x_wconf 84' lang='lat' dir='ltr'><strong>valore;</strong></span> <span class='ocrx_word' id='word_1_195' title='bbox 908 1472 950 1502; x_wconf 87' lang='lat' dir='ltr'><strong>at</strong></span> <span class='ocrx_word' id='word_1_196' title='bbox 971 1462 1006 1501; x_wconf 90' lang='lat' dir='ltr'><strong>is</strong></span> <span class='ocrx_word' id='word_1_197' title='bbox 1029 1462 1184 1516; x_wconf 87' lang='lat' dir='ltr'><strong>viginti</strong></span> <span class='ocrx_word' id='word_1_198' title='bbox 1205 1469 1397 1500; x_wconf 86' lang='lat' dir='ltr'><strong>censetur</strong></span> <span class='ocrx_word' id='word_1_199' title='bbox 1419 1458 1624 1499; x_wconf 80' lang='lat' dir='ltr'><strong>drachmis</strong></span> 
     </span>
     <span class='ocr_line' id='line_1_25' title="bbox 207 1515 1623 1574; baseline -0.004 -15"><span class='ocrx_word' id='word_1_200' title='bbox 207 1519 413 1574; x_wconf 76' lang='lat' dir='ltr'><strong>argenteis</strong></span> <span class='ocrx_word' id='word_1_201' title='bbox 432 1519 481 1558; x_wconf 85' lang='lat' dir='ltr'><strong>ab</strong></span> <span class='ocrx_word' id='word_1_202' title='bbox 496 1519 834 1569; x_wconf 82' lang='lat' dir='ltr'><strong>Harpocratione,</strong></span> <span class='ocrx_word' id='word_1_203' title='bbox 850 1518 1147 1569; x_wconf 77' lang='lat' dir='ltr'><strong>Aristophanis</strong></span> <span class='ocrx_word' id='word_1_204' title='bbox 1167 1517 1410 1567; x_wconf 69' lang='lat' dir='ltr'><strong>Scholiaste,</strong></span> <span class='ocrx_word' id='word_1_205' title='bbox 1425 1515 1623 1568; x_wconf 81' lang='lat' dir='ltr'><strong>aliisque:</strong></span> 
     </span>
     <span class='ocr_line' id='line_1_26' title="bbox 207 1567 1625 1628; baseline -0.004 -14"><span class='ocrx_word' id='word_1_206' title='bbox 207 1576 320 1614; x_wconf 86' lang='lat' dir='ltr'><strong>mina</strong></span> <span class='ocrx_word' id='word_1_207' title='bbox 347 1587 446 1615; x_wconf 73' lang='lat' dir='ltr'><strong>vero</strong></span> <span class='ocrx_word' id='word_1_208' title='bbox 477 1582 642 1614; x_wconf 90' lang='lat' dir='ltr'><strong>centum</strong></span> <span class='ocrx_word' id='word_1_209' title='bbox 656 1589 668 1613; x_wconf 73' lang='grc' dir='ltr'><strong><em>ε</em></strong></span> <span class='ocrx_word' id='word_1_210' title='bbox 707 1582 755 1612; x_wconf 91' lang='lat' dir='ltr'><strong>ut</strong></span> <span class='ocrx_word' id='word_1_211' title='bbox 780 1574 965 1628; x_wconf 86' lang='lat' dir='ltr'><strong>quinque</strong></span> <span class='ocrx_word' id='word_1_212' title='bbox 987 1573 1148 1612; x_wconf 89' lang='lat' dir='ltr'><strong>demum</strong></span> <span class='ocrx_word' id='word_1_213' title='bbox 1166 1581 1335 1612; x_wconf 86' lang='lat' dir='ltr'><strong>stateres</strong></span> <span class='ocrx_word' id='word_1_214' title='bbox 1355 1571 1508 1610; x_wconf 77' lang='lat' dir='ltr'><strong>minam</strong></span> <span class='ocrx_word' id='word_1_215' title='bbox 1529 1567 1625 1611; x_wconf 88' lang='lat' dir='ltr'><strong>effi-</strong></span> 
     </span>
     <span class='ocr_line' id='line_1_27' title="bbox 206 1626 1624 1684; baseline -0.005 -13"><span class='ocrx_word' id='word_1_216' title='bbox 206 1631 341 1681; x_wconf 78' lang='lat' dir='ltr'><strong>ciant,</strong></span> <span class='ocrx_word' id='word_1_217' title='bbox 368 1629 556 1684; x_wconf 79' lang='lat' dir='ltr'><strong>adeoque</strong></span> <span class='ocrx_word' id='word_1_218' title='bbox 575 1639 703 1669; x_wconf 85' lang='lat' dir='ltr'><strong>stater</strong></span> <span class='ocrx_word' id='word_1_219' title='bbox 722 1631 870 1683; x_wconf 87' lang='lat' dir='ltr'><strong>quinta</strong></span> <span class='ocrx_word' id='word_1_220' title='bbox 888 1630 945 1668; x_wconf 90' lang='lat' dir='ltr'><strong>sit</strong></span> <span class='ocrx_word' id='word_1_221' title='bbox 963 1630 1098 1668; x_wconf 87' lang='lat' dir='ltr'><strong>minae</strong></span> <span class='ocrx_word' id='word_1_222' title='bbox 1118 1642 1225 1682; x_wconf 87' lang='lat' dir='ltr'><strong>pars.</strong></span> <span class='ocrx_word' id='word_1_223' title='bbox 1270 1627 1372 1668; x_wconf 81' lang='lat' dir='ltr'><strong>haec</strong></span> <span class='ocrx_word' id='word_1_224' title='bbox 1390 1627 1436 1665; x_wconf 85' lang='lat' dir='ltr'><strong>in</strong></span> <span class='ocrx_word' id='word_1_225' title='bbox 1456 1626 1624 1666; x_wconf 90' lang='lat' dir='ltr'><strong>nornis-</strong></span> 
     </span>
     <span class='ocr_line' id='line_1_28' title="bbox 205 1681 1623 1741; baseline -0.005 -15"><span class='ocrx_word' id='word_1_226' title='bbox 205 1696 337 1735; x_wconf 87' lang='lat' dir='ltr'><strong>mate,</strong></span> <span class='ocrx_word' id='word_1_227' title='bbox 379 1685 429 1725; x_wconf 87' lang='lat' dir='ltr'><strong>de</strong></span> <span class='ocrx_word' id='word_1_228' title='bbox 454 1699 538 1741; x_wconf 84' lang='lat' dir='ltr'><strong>quo</strong></span> <span class='ocrx_word' id='word_1_229' title='bbox 563 1694 605 1725; x_wconf 89' lang='lat' dir='ltr'><strong>et</strong></span> <span class='ocrx_word' id='word_1_230' title='bbox 630 1699 755 1738; x_wconf 89' lang='lat' dir='ltr'><strong>supra</strong></span> <span class='ocrx_word' id='word_1_231' title='bbox 786 1685 1015 1739; x_wconf 84' lang='lat' dir='ltr'><strong>tetigimus.</strong></span> <span class='ocrx_word' id='word_1_232' title='bbox 1065 1685 1116 1724; x_wconf 92' lang='lat' dir='ltr'><strong>de</strong></span> <span class='ocrx_word' id='word_1_233' title='bbox 1144 1682 1330 1737; x_wconf 86' lang='lat' dir='ltr'><strong>pondere</strong></span> <span class='ocrx_word' id='word_1_234' title='bbox 1355 1695 1454 1723; x_wconf 84' lang='lat' dir='ltr'><strong>veto</strong></span> <span class='ocrx_word' id='word_1_235' title='bbox 1473 1696 1523 1723; x_wconf 91' lang='lat' dir='ltr'><strong>en</strong></span> <span class='ocrx_word' id='word_1_236' title='bbox 1541 1681 1623 1725; x_wconf 82' lang='lat' dir='ltr'><strong>tibi</strong></span> 
     </span>
     <span class='ocr_line' id='line_1_29' title="bbox 203 1737 1624 1795; baseline -0.003 -13"><span class='ocrx_word' id='word_1_237' title='bbox 203 1745 384 1782; x_wconf 78' lang='lat' dir='ltr'><strong>Her-onis</strong></span> <span class='ocrx_word' id='word_1_238' title='bbox 399 1743 490 1784; x_wconf 90' lang='lat' dir='ltr'><strong>MS.</strong></span> <span class='ocrx_word' id='word_1_239' title='bbox 511 1741 659 1781; x_wconf 84' lang='lat' dir='ltr'><strong>verba:</strong></span> <span class='ocrx_word' id='word_1_240' title='bbox 689 1739 716 1793; x_wconf 79' lang='grc' dir='ltr'><em>ἡ</em></span> <span class='ocrx_word' id='word_1_241' title='bbox 737 1741 778 1783; x_wconf 81' lang='grc' dir='ltr'><strong>δὲ</strong></span> <span class='ocrx_word' id='word_1_242' title='bbox 796 1745 873 1793; x_wconf 82' lang='grc' dir='ltr'><strong>μνᾶ</strong></span> <span class='ocrx_word' id='word_1_243' title='bbox 894 1746 1085 1795; x_wconf 80' lang='grc' dir='ltr'><strong><em>στατῆρας</em></strong></span> <span class='ocrx_word' id='word_1_244' title='bbox 1105 1742 1228 1782; x_wconf 78' lang='grc' dir='ltr'><strong>εἷ’κοσι</strong></span> <span class='ocrx_word' id='word_1_245' title='bbox 1242 1741 1309 1781; x_wconf 81' lang='grc' dir='ltr'><strong>καὶ</strong></span> <span class='ocrx_word' id='word_1_246' title='bbox 1325 1739 1462 1781; x_wconf 78' lang='grc' dir='ltr'><strong><em>πέντε·</em></strong></span> <span class='ocrx_word' id='word_1_247' title='bbox 1491 1737 1624 1792; x_wconf 79' lang='grc' dir='ltr'><strong>(ἔχει’)</strong></span> 
     </span>
     <span class='ocr_line' id='line_1_30' title="bbox 206 1793 1623 1851; baseline -0.006 -11"><span class='ocrx_word' id='word_1_248' title='bbox 206 1795 229 1841; x_wconf 81' lang='grc' dir='ltr'>ὁ</span> <span class='ocrx_word' id='word_1_249' title='bbox 247 1798 288 1840; x_wconf 80' lang='grc' dir='ltr'><strong>δὲ</strong></span> <span class='ocrx_word' id='word_1_250' title='bbox 306 1796 447 1851; x_wconf 79' lang='grc' dir='ltr'><strong><em>στατήρ</em></strong></span> <span class='ocrx_word' id='word_1_251' title='bbox 476 1794 660 1850; x_wconf 75' lang='grc' dir='ltr'><strong><em>δραχμὰς,</em></strong></span> <span class='ocrx_word' id='word_1_252' title='bbox 692 1799 734 1838; x_wconf 78' lang='grc' dir='ltr'><strong>αἳ</strong></span> <span class='ocrx_word' id='word_1_253' title='bbox 754 1798 851 1838; x_wconf 79' lang='grc' dir='ltr'><strong><em>εἰσὶν</em></strong></span> <span class='ocrx_word' id='word_1_254' title='bbox 870 1794 995 1846; x_wconf 65' lang='lat' dir='ltr'><strong>(ilani,</strong></span> <span class='ocrx_word' id='word_1_255' title='bbox 1028 1799 1062 1838; x_wconf 86' lang='grc' dir='ltr'><strong>δ.</strong></span> <span class='ocrx_word' id='word_1_256' title='bbox 1084 1796 1295 1849; x_wconf 85' lang='lat' dir='ltr'><strong>similique</strong></span> <span class='ocrx_word' id='word_1_257' title='bbox 1312 1794 1437 1834; x_wconf 90' lang='lat' dir='ltr'><strong>modo</strong></span> <span class='ocrx_word' id='word_1_258' title='bbox 1461 1793 1623 1844; x_wconf 73' lang='lat' dir='ltr'><strong>cleopa-</strong></span> 
     </span>
     <span class='ocr_line' id='line_1_31' title="bbox 205 1848 1621 1908; baseline -0.004 -16"><span class='ocrx_word' id='word_1_259' title='bbox 205 1864 273 1893; x_wconf 77' lang='lat' dir='ltr'><strong>tra</strong></span> <span class='ocrx_word' id='word_1_260' title='bbox 297 1863 477 1908; x_wconf 87' lang='lat' dir='ltr'><strong>quatuor</strong></span> <span class='ocrx_word' id='word_1_261' title='bbox 493 1852 728 1900; x_wconf 84' lang='lat' dir='ltr'><strong>drachmas,</strong></span> <span class='ocrx_word' id='word_1_262' title='bbox 761 1862 975 1907; x_wconf 87' lang='lat' dir='ltr'><strong>argenteas</strong></span> <span class='ocrx_word' id='word_1_263' title='bbox 998 1852 1209 1906; x_wconf 80' lang='lat' dir='ltr'><strong>intellige,</strong></span> <span class='ocrx_word' id='word_1_264' title='bbox 1239 1850 1384 1889; x_wconf 85' lang='lat' dir='ltr'><strong>stateri</strong></span> <span class='ocrx_word' id='word_1_265' title='bbox 1403 1848 1621 1897; x_wconf 76' lang='lat' dir='ltr'><strong>adtribuit,</strong></span> 
     </span>
     <span class='ocr_line' id='line_1_32' title="bbox 204 1903 1622 1963; baseline -0.006 -13"><span class='ocrx_word' id='word_1_266' title='bbox 204 1909 428 1963; x_wconf 83' lang='lat' dir='ltr'><strong>vocarique</strong></span> <span class='ocrx_word' id='word_1_267' title='bbox 446 1918 590 1948; x_wconf 86' lang='lat' dir='ltr'><strong>monet</strong></span> <span class='ocrx_word' id='word_1_268' title='bbox 607 1906 917 1960; x_wconf 74' lang='grc' dir='ltr'><strong><em>τετράδραχμον·</em></strong></span> <span class='ocrx_word' id='word_1_269' title='bbox 949 1916 991 1947; x_wconf 87' lang='lat' dir='ltr'><strong>et</strong></span> <span class='ocrx_word' id='word_1_270' title='bbox 1014 1916 1128 1960; x_wconf 86' lang='lat' dir='ltr'><strong>patet</strong></span> <span class='ocrx_word' id='word_1_271' title='bbox 1148 1921 1200 1947; x_wconf 86' lang='lat' dir='ltr'><strong>ex</strong></span> <span class='ocrx_word' id='word_1_272' title='bbox 1220 1908 1382 1945; x_wconf 74' lang='lat' dir='ltr'><strong>Herone</strong></span> <span class='ocrx_word' id='word_1_273' title='bbox 1396 1918 1522 1958; x_wconf 88' lang='lat' dir='ltr'><strong>porro</strong></span> <span class='ocrx_word' id='word_1_274' title='bbox 1542 1903 1622 1942; x_wconf 85' lang='lat' dir='ltr'><strong>mi-</strong></span> 
     </span>
     <span class='ocr_line' id='line_1_33' title="bbox 203 1958 1623 2016; baseline -0.004 -12"><span class='ocrx_word' id='word_1_275' title='bbox 203 1979 314 2013; x_wconf 87' lang='lat' dir='ltr'><strong>nam,</strong></span> <span class='ocrx_word' id='word_1_276' title='bbox 329 1974 371 2004; x_wconf 90' lang='lat' dir='ltr'><strong>et</strong></span> <span class='ocrx_word' id='word_1_277' title='bbox 389 1978 480 2002; x_wconf 87' lang='lat' dir='ltr'><strong>cum</strong></span> <span class='ocrx_word' id='word_1_278' title='bbox 498 1963 660 2016; x_wconf 85' lang='lat' dir='ltr'><strong>pondus</strong></span> <span class='ocrx_word' id='word_1_279' title='bbox 673 1973 735 2003; x_wconf 88' lang='lat' dir='ltr'><strong>est</strong></span> <span class='ocrx_word' id='word_1_280' title='bbox 759 1973 800 2002; x_wconf 89' lang='lat' dir='ltr'><strong>et</strong></span> <span class='ocrx_word' id='word_1_281' title='bbox 814 1978 906 2002; x_wconf 91' lang='lat' dir='ltr'><strong>cum</strong></span> <span class='ocrx_word' id='word_1_282' title='bbox 926 1977 1132 2014; x_wconf 84' lang='lat' dir='ltr'><strong>nummus,</strong></span> <span class='ocrx_word' id='word_1_283' title='bbox 1144 1971 1324 2014; x_wconf 85' lang='lat' dir='ltr'><strong>utroque</strong></span> <span class='ocrx_word' id='word_1_284' title='bbox 1343 1960 1468 1999; x_wconf 88' lang='lat' dir='ltr'><strong>modo</strong></span> <span class='ocrx_word' id='word_1_285' title='bbox 1480 1958 1623 1999; x_wconf 87' lang='lat' dir='ltr'><strong>drach-</strong></span> 
     </span>
     <span class='ocr_line' id='line_1_34' title="bbox 204 2016 1621 2073; baseline -0.003 -15"><span class='ocrx_word' id='word_1_286' title='bbox 204 2021 282 2059; x_wconf 87' lang='lat' dir='ltr'><strong>mis</strong></span> <span class='ocrx_word' id='word_1_287' title='bbox 317 2020 473 2058; x_wconf 88' lang='lat' dir='ltr'><strong>censeri</strong></span> <span class='ocrx_word' id='word_1_288' title='bbox 499 2017 543 2060; x_wconf 88' lang='lat' dir='ltr'><strong>G.</strong></span> <span class='ocrx_word' id='word_1_289' title='bbox 574 2018 688 2057; x_wconf 87' lang='lat' dir='ltr'><strong>aliud</strong></span> <span class='ocrx_word' id='word_1_290' title='bbox 713 2019 854 2073; x_wconf 86' lang='lat' dir='ltr'><strong>itaque</strong></span> <span class='ocrx_word' id='word_1_291' title='bbox 881 2020 1090 2057; x_wconf 80' lang='lat' dir='ltr'><strong>Pollucem</strong></span> <span class='ocrx_word' id='word_1_292' title='bbox 1116 2027 1303 2058; x_wconf 89' lang='lat' dir='ltr'><strong>nostrum</strong></span> <span class='ocrx_word' id='word_1_293' title='bbox 1333 2016 1488 2071; x_wconf 86' lang='lat' dir='ltr'><strong>egisse,</strong></span> <span class='ocrx_word' id='word_1_294' title='bbox 1527 2029 1621 2055; x_wconf 88' lang='lat' dir='ltr'><strong>cnm</strong></span> 
     </span>
     <span class='ocr_line' id='line_1_35' title="bbox 203 2072 1621 2129; baseline -0.004 -15"><span class='ocrx_word' id='word_1_295' title='bbox 203 2075 306 2116; x_wconf 81' lang='lat' dir='ltr'><strong>haec</strong></span> <span class='ocrx_word' id='word_1_296' title='bbox 315 2074 508 2125; x_wconf 79' lang='lat' dir='ltr'><strong>traderet,</strong></span> <span class='ocrx_word' id='word_1_297' title='bbox 518 2073 785 2128; x_wconf 88' lang='lat' dir='ltr'><strong>perspicuum</strong></span> <span class='ocrx_word' id='word_1_298' title='bbox 799 2085 884 2123; x_wconf 77' lang='lat' dir='ltr'><strong>est3</strong></span> <span class='ocrx_word' id='word_1_299' title='bbox 913 2089 989 2114; x_wconf 86' lang='lat' dir='ltr'><strong>nec</strong></span> <span class='ocrx_word' id='word_1_300' title='bbox 1001 2075 1227 2129; x_wconf 87' lang='lat' dir='ltr'><strong>quisquam,</strong></span> <span class='ocrx_word' id='word_1_301' title='bbox 1238 2082 1356 2126; x_wconf 83' lang='lat' dir='ltr'><strong>puto,</strong></span> <span class='ocrx_word' id='word_1_302' title='bbox 1369 2086 1442 2112; x_wconf 88' lang='lat' dir='ltr'><strong>seu</strong></span> <span class='ocrx_word' id='word_1_303' title='bbox 1455 2072 1505 2111; x_wconf 86' lang='lat' dir='ltr'><strong>de</strong></span> <span class='ocrx_word' id='word_1_304' title='bbox 1519 2085 1621 2123; x_wconf 86' lang='lat' dir='ltr'><strong>pon-</strong></span> 
     </span>
     <span class='ocr_line' id='line_1_36' title="bbox 204 2129 1623 2184; baseline -0.002 -14"><span class='ocrx_word' id='word_1_305' title='bbox 204 2130 300 2172; x_wconf 84' lang='lat' dir='ltr'><strong>dere</strong></span> <span class='ocrx_word' id='word_1_306' title='bbox 314 2131 416 2171; x_wconf 87' lang='lat' dir='ltr'><strong>velit</strong></span> <span class='ocrx_word' id='word_1_307' title='bbox 426 2144 498 2169; x_wconf 88' lang='lat' dir='ltr'><strong>seu</strong></span> <span class='ocrx_word' id='word_1_308' title='bbox 509 2130 559 2168; x_wconf 90' lang='lat' dir='ltr'><strong>de</strong></span> <span class='ocrx_word' id='word_1_309' title='bbox 570 2144 737 2168; x_wconf 88' lang='lat' dir='ltr'><strong>nummo</strong></span> <span class='ocrx_word' id='word_1_310' title='bbox 750 2131 946 2184; x_wconf 84' lang='lat' dir='ltr'><strong>intelligi,</strong></span> <span class='ocrx_word' id='word_1_311' title='bbox 959 2129 1157 2182; x_wconf 83' lang='lat' dir='ltr'><strong>expediet</strong></span> <span class='ocrx_word' id='word_1_312' title='bbox 1175 2132 1330 2171; x_wconf 89' lang='lat' dir='ltr'><strong>locum.</strong></span> <span class='ocrx_word' id='word_1_313' title='bbox 1362 2129 1623 2180; x_wconf 75' lang='lat' dir='ltr'><strong>Sper-litigius</strong></span> 
     </span>
     <span class='ocr_line' id='line_1_37' title="bbox 204 2183 1618 2239; baseline -0.005 -12"><span class='ocrx_word' id='word_1_314' title='bbox 204 2195 314 2226; x_wconf 86' lang='lat' dir='ltr'><strong>certe</strong></span> <span class='ocrx_word' id='word_1_315' title='bbox 344 2200 480 2226; x_wconf 83' lang='lat' dir='ltr'><strong>secum</strong></span> <span class='ocrx_word' id='word_1_316' title='bbox 503 2186 592 2239; x_wconf 89' lang='lat' dir='ltr'><strong>ipse</strong></span> <span class='ocrx_word' id='word_1_317' title='bbox 614 2199 703 2223; x_wconf 90' lang='lat' dir='ltr'><strong>non</strong></span> <span class='ocrx_word' id='word_1_318' title='bbox 724 2187 945 2236; x_wconf 84' lang='lat' dir='ltr'><strong>consentit,</strong></span> <span class='ocrx_word' id='word_1_319' title='bbox 976 2185 1047 2223; x_wconf 90' lang='lat' dir='ltr'><strong>ubi</strong></span> <span class='ocrx_word' id='word_1_320' title='bbox 1067 2185 1169 2224; x_wconf 85' lang='lat' dir='ltr'><strong>haec</strong></span> <span class='ocrx_word' id='word_1_321' title='bbox 1190 2184 1413 2224; x_wconf 86' lang='lat' dir='ltr'><strong>examinat.</strong></span> <span class='ocrx_word' id='word_1_322' title='bbox 1454 2183 1549 2223; x_wconf 86' lang='lat' dir='ltr'><strong>vide</strong></span> <span class='ocrx_word' id='word_1_323' title='bbox 1569 2183 1618 2220; x_wconf 88' lang='lat' dir='ltr'><strong>il-</strong></span> 
     </span>
     <span class='ocr_line' id='line_1_38' title="bbox 202 2236 1619 2295; baseline -0.004 -15"><span class='ocrx_word' id='word_1_324' title='bbox 202 2245 286 2281; x_wconf 89' lang='lat' dir='ltr'><strong>lum</strong></span> <span class='ocrx_word' id='word_1_325' title='bbox 320 2257 359 2295; x_wconf 88' lang='lat' dir='ltr'><strong>p.</strong></span> <span class='ocrx_word' id='word_1_326' title='bbox 390 2241 478 2283; x_wconf 77' lang='lat'><strong>152.</strong></span> <span class='ocrx_word' id='word_1_327' title='bbox 505 2250 548 2280; x_wconf 86' lang='lat' dir='ltr'><strong>et</strong></span> <span class='ocrx_word' id='word_1_328' title='bbox 578 2239 665 2281; x_wconf 81' lang='lat'><strong>154.</strong></span> <span class='ocrx_word' id='word_1_329' title='bbox 726 2241 799 2293; x_wconf 89' lang='lat' dir='ltr'><strong>[In</strong></span> <span class='ocrx_word' id='word_1_330' title='bbox 819 2244 914 2280; x_wconf 89' lang='lat' dir='ltr'><strong>loco</strong></span> <span class='ocrx_word' id='word_1_331' title='bbox 938 2240 1207 2280; x_wconf 78' lang='lat' dir='ltr'><strong>vexatissimo</strong></span> <span class='ocrx_word' id='word_1_332' title='bbox 1226 2241 1356 2280; x_wconf 85' lang='lat' dir='ltr'><strong>libere</strong></span> <span class='ocrx_word' id='word_1_333' title='bbox 1377 2253 1506 2279; x_wconf 88' lang='lat' dir='ltr'><strong>meam</strong></span> <span class='ocrx_word' id='word_1_334' title='bbox 1528 2236 1619 2276; x_wconf 83' lang='lat' dir='ltr'><strong>dixi</strong></span> 
     </span>
     <span class='ocr_line' id='line_1_39' title="bbox 203 2293 1617 2350; baseline -0.002 -15"><span class='ocrx_word' id='word_1_335' title='bbox 203 2299 474 2349; x_wconf 77' lang='lat' dir='ltr'><strong>sententiam3</strong></span> <span class='ocrx_word' id='word_1_336' title='bbox 521 2310 751 2350; x_wconf 81' lang='lat' dir='ltr'><strong>quanquam</strong></span> <span class='ocrx_word' id='word_1_337' title='bbox 786 2297 947 2334; x_wconf 83' lang='lat' dir='ltr'><strong>animus</strong></span> <span class='ocrx_word' id='word_1_338' title='bbox 974 2309 1114 2334; x_wconf 88' lang='lat' dir='ltr'><strong>revera</strong></span> <span class='ocrx_word' id='word_1_339' title='bbox 1145 2295 1190 2333; x_wconf 89' lang='lat' dir='ltr'><strong>in</strong></span> <span class='ocrx_word' id='word_1_340' title='bbox 1218 2304 1334 2335; x_wconf 84' lang='lat' dir='ltr'><strong>tanta</strong></span> <span class='ocrx_word' id='word_1_341' title='bbox 1366 2293 1617 2347; x_wconf 85' lang='lat' dir='ltr'><strong>opinionum</strong></span> 
     </span>
     <span class='ocr_line' id='line_1_40' title="bbox 204 2348 1615 2392; baseline -0.002 -1"><span class='ocrx_word' id='word_1_342' title='bbox 204 2352 447 2392; x_wconf 79' lang='lat' dir='ltr'><strong>diversitate</strong></span> <span class='ocrx_word' id='word_1_343' title='bbox 466 2352 640 2391; x_wconf 85' lang='lat' dir='ltr'><strong>fluctuet</strong></span> <span class='ocrx_word' id='word_1_344' title='bbox 657 2362 698 2391; x_wconf 91' lang='lat' dir='ltr'><strong>et</strong></span> <span class='ocrx_word' id='word_1_345' title='bbox 720 2351 986 2391; x_wconf 84' lang='lat' dir='ltr'><strong>distrahatur.</strong></span> <span class='ocrx_word' id='word_1_346' title='bbox 1026 2349 1227 2390; x_wconf 85' lang='lat' dir='ltr'><strong>secundas</strong></span> <span class='ocrx_word' id='word_1_347' title='bbox 1250 2364 1364 2390; x_wconf 87' lang='lat' dir='ltr'><strong>curas</strong></span> <span class='ocrx_word' id='word_1_348' title='bbox 1382 2349 1484 2388; x_wconf 80' lang='lat' dir='ltr'><strong>huic</strong></span> <span class='ocrx_word' id='word_1_349' title='bbox 1501 2348 1615 2388; x_wconf 90' lang='lat' dir='ltr'><strong>nodo</strong></span> 
     </span>
     <span class='ocr_line' id='line_1_41' title="bbox 203 2404 1619 2461; baseline -0.004 -14"><span class='ocrx_word' id='word_1_350' title='bbox 203 2408 468 2460; x_wconf 87' lang='lat' dir='ltr'><strong>expediendo</strong></span> <span class='ocrx_word' id='word_1_351' title='bbox 488 2407 725 2461; x_wconf 86' lang='lat' dir='ltr'><strong>impendere</strong></span> <span class='ocrx_word' id='word_1_352' title='bbox 742 2406 1057 2459; x_wconf 79' lang='lat' dir='ltr'><strong>angustissima,</strong></span> <span class='ocrx_word' id='word_1_353' title='bbox 1090 2405 1240 2459; x_wconf 88' lang='lat' dir='ltr'><strong>quibus</strong></span> <span class='ocrx_word' id='word_1_354' title='bbox 1266 2404 1479 2455; x_wconf 86' lang='lat' dir='ltr'><strong>includor,</strong></span> <span class='ocrx_word' id='word_1_355' title='bbox 1506 2413 1619 2444; x_wconf 87' lang='lat' dir='ltr'><strong>tem—</strong></span> 
     </span>
     <span class='ocr_line' id='line_1_42' title="bbox 201 2460 1615 2519; baseline -0.001 -17"><span class='ocrx_word' id='word_1_356' title='bbox 201 2466 316 2516; x_wconf 88' lang='lat' dir='ltr'><strong>poris</strong></span> <span class='ocrx_word' id='word_1_357' title='bbox 338 2465 472 2515; x_wconf 80' lang='lat' dir='ltr'><strong>spatia</strong></span> <span class='ocrx_word' id='word_1_358' title='bbox 496 2478 581 2502; x_wconf 88' lang='lat' dir='ltr'><strong>non</strong></span> <span class='ocrx_word' id='word_1_359' title='bbox 601 2463 850 2519; x_wconf 85' lang='lat' dir='ltr'><strong>permittunt</strong></span> <span class='ocrx_word' id='word_1_360' title='bbox 865 2477 878 2500; x_wconf 91' lang='lat'><strong>.·</strong></span> <span class='ocrx_word' id='word_1_361' title='bbox 908 2461 1010 2500; x_wconf 85' lang='lat' dir='ltr'><strong>alibi</strong></span> <span class='ocrx_word' id='word_1_362' title='bbox 1033 2471 1167 2500; x_wconf 83' lang='lat' dir='ltr'><strong>tamen</strong></span> <span class='ocrx_word' id='word_1_363' title='bbox 1189 2461 1232 2499; x_wconf 88' lang='lat' dir='ltr'><strong>id</strong></span> <span class='ocrx_word' id='word_1_364' title='bbox 1256 2460 1349 2510; x_wconf 85' lang='lat' dir='ltr'><strong>fiet,</strong></span> <span class='ocrx_word' id='word_1_365' title='bbox 1379 2474 1491 2508; x_wconf 88' lang='lat' dir='ltr'><strong>oum,</strong></span> <span class='ocrx_word' id='word_1_366' title='bbox 1518 2461 1615 2500; x_wconf 88' lang='lat' dir='ltr'><strong>Deo</strong></span> 
     </span>
     <span class='ocr_line' id='line_1_43' title="bbox 201 2516 1618 2572; baseline -0.004 -16"><span class='ocrx_word' id='word_1_367' title='bbox 201 2519 384 2567; x_wconf 79' lang='lat' dir='ltr'><strong>favente,</strong></span> <span class='ocrx_word' id='word_1_368' title='bbox 419 2519 587 2559; x_wconf 82' lang='lat' dir='ltr'><strong>uberius</strong></span> <span class='ocrx_word' id='word_1_369' title='bbox 607 2530 647 2559; x_wconf 83' lang='lat' dir='ltr'><strong>et</strong></span> <span class='ocrx_word' id='word_1_370' title='bbox 667 2519 971 2572; x_wconf 87' lang='lat' dir='ltr'><strong>aliquantulum</strong></span> <span class='ocrx_word' id='word_1_371' title='bbox 992 2516 1278 2555; x_wconf 88' lang='lat' dir='ltr'><strong>accuratiusin</strong></span> <span class='ocrx_word' id='word_1_372' title='bbox 1290 2516 1493 2555; x_wconf 79' lang='lat' dir='ltr'><strong>Pollucem</strong></span> <span class='ocrx_word' id='word_1_373' title='bbox 1509 2530 1618 2555; x_wconf 84' lang='lat' dir='ltr'><strong>com-</strong></span> 
     </span>
     <span class='ocr_line' id='line_1_44' title="bbox 201 2571 1614 2628; baseline -0.003 -16"><span class='ocrx_word' id='word_1_374' title='bbox 201 2573 438 2614; x_wconf 86' lang='lat' dir='ltr'><strong>mentabor:</strong></span> <span class='ocrx_word' id='word_1_375' title='bbox 469 2589 546 2615; x_wconf 87' lang='lat' dir='ltr'><strong>nec</strong></span> <span class='ocrx_word' id='word_1_376' title='bbox 574 2575 659 2617; x_wconf 84' lang='lat' dir='ltr'><strong>levi</strong></span> <span class='ocrx_word' id='word_1_377' title='bbox 681 2589 745 2616; x_wconf 89' lang='lat' dir='ltr'><strong>me</strong></span> <span class='ocrx_word' id='word_1_378' title='bbox 763 2573 967 2614; x_wconf 87' lang='lat' dir='ltr'><strong>beneficio</strong></span> <span class='ocrx_word' id='word_1_379' title='bbox 990 2573 1210 2613; x_wconf 84' lang='lat' dir='ltr'><strong>Lectorem</strong></span> <span class='ocrx_word' id='word_1_380' title='bbox 1229 2572 1507 2628; x_wconf 85' lang='lat' dir='ltr'><strong>obligaturum</strong></span> <span class='ocrx_word' id='word_1_381' title='bbox 1526 2571 1614 2612; x_wconf 84' lang='lat' dir='ltr'><strong>exi.</strong></span> 
     </span>
    </p>
   </div>
  </div>
 </body>
</html>
