1716 3016
214 122 294 162 980
831 118 906 161 Ix.
964 124 1029 163 60

213 227 436 268 lectionem
470 228 595 271 MSS.
633 228 832 281 suadent,
862 240 1088 284 praeeunte
1120 230 1307 271 Doctiss.
1338 231 1534 272 Kuelmio.
1574 239 1635 270 at-

214 298 293 339 que
311 283 368 322 ita
390 285 607 350 legendum
630 286 795 323 monuit
813 288 1100 325 &Salmasius
1121 287 1172 326 de
1196 287 1307 326 Mod.
1340 288 1455 327 Usur.
1472 301 1520 341 p.
1539 285 1632 353 259.

320 338 370 390 ἦν
401 340 441 380 δὲ
466 335 493 390 η(
520 339 704 404 δραχμή]
755 342 849 382 MS.
877 340 927 392 ἦν
957 346 999 384 δὲ
1028 341 1075 384 ου’
1103 342 1281 396 δραχμην
1313 339 1486 396 νόμισμα
1512 341 1635 395 μόνον

214 405 291 437 etc.
327 394 492 445 vitiose,
524 396 567 434 in
584 393 764 452 δραχμην
785 410 807 436 a
829 398 1018 452 sequenti
1041 402 1187 438 vocula
1208 399 1402 452 repetito.
1435 398 1590 440 ἼῙυιιῦ

322 450 756 518 πεντηκοντάδραχμον]
804 452 928 507 Apud
966 453 1213 492 Platonem'
1201 468 1246 492 ιιι
1285 454 1452 505 Cratylo
1485 467 1634 507 nempe

213 506 339 545 habes
369 524 442 556 την
472 504 890 564 πεντηκοντάδραχμον
918 511 1129 560 ἐπίδειξιν,
1160 518 1208 547 ut
1236 509 1456 548 adnotavit
1476 508 1635 548 Hostus

215 562 289 601 lib.
317 563 397 601 111.
439 563 520 601 Rei
549 565 716 604 Numm.
756 579 859 605 c.1.
903 578 943 605 ιι
977 579 1040 617 7¹·
1080 575 1120 604 et
1145 573 1264 603 antea
1294 565 1410 603 Avus
1441 578 1552 604 meus
1583 563 1634 602 de

212 617 418 657 Numism.
449 618 699 659 Scholia-stes
714 620 930 671 Aristoph.
961 619 1004 658 in
1035 621 1217 688 Νεφέλας
1245 619 1295 659 de
1323 619 1502 659 Prodico
1523 619 1632 658 Chio

215 674 276 712 ita
293 671 463 724 scribit,
491 676 645 727 πρῶτος
665 678 705 717 δὲ
723 675 832 724 οἶτος
850 673 1268 730 πεντηκοντάδραχμον
1287 677 1471 726 ἐπίδειξιν
1498 670 1633 723 ἐποιή-

214 746 324 771 σατο.
379 729 577 783 Sequitur
601 735 666 773 καὶ
695 731 1012 797 πεντάδραχμον·
1047 745 1151 798 quae
1179 731 1331 770 desunt
1363 731 1406 769 in
1428 731 1522 770 MS.
1559 729 1634 797 qui

212 784 360 824 habet.
392 784 492 827 α’λλα
513 788 577 828 καὶ
594 785 1002 841 πεντηκοντάδραχμον
1020 804 1128 840 παρα
1149 789 1394 840 ΚυρηναΙοις
1414 788 1479 828 καὶ
1500 803 1634 839 τετρα-

212 843 385 894 δραχμον
418 851 496 883 etc.
538 842 706 881 emenda
741 858 838 882 vero
866 845 1134 896 Κυρηιαιόις,
1171 841 1285 895 quod
1318 845 1445 896 vulgo
1482 842 1634 881 vitiose

213 898 438 951 Κυριναίοις
464 898 628 951 legitur.
687 900 755 938 De
778 899 1102 938 Pentadraclzmo
1125 899 1287 936 Hostus
1313 897 1407 936 libr.
1431 897 1511 938 111.
1541 912 1630 950 cap.

217 965 252 991 1.
287 966 330 993 n.
359 950 424 992 68.
466 967 550 1006 quo
585 954 720 1003 capite
760 964 802 992 et
833 953 883 992 de
919 954 1021 1005 aliis'
1048 953 1118 991 hic
1157 962 1199 991 et
1222 951 1470 991 nominatim
1500 967 1540 995 ιι
1565 953 1633 1008 49.

212 1007 439 1047 Iunonum.

321 1061 726 1118 πεντηκοντάδραχμον
746 1074 821 1104 etc.
834 1065 853 1117 ]
883 1066 1106 1103 Praeterea
1122 1061 1309 1117 (Pollux)
1335 1064 1420 1114 ipse
1435 1064 1633 1113 nominat,

215 1119 346 1158 Sardi
375 1117 499 1158 verba
524 1119 625 1159 haec
661 1121 795 1159 refero
822 1134 915 1175 pag.
951 1134 1011 1160 ιι.
1049 1119 1183 1159 libelli
1212 1118 1263 1159 de
1291 1120 1506 1167 Nummis,
1549 1121 1635 1157 tri-

214 1174 467 1224 drachmam,
498 1176 859 1225 tetradraclzmam‚
889 1184 926 1214 et
947 1174 1233 1225 Cyrenensium
1246 1149 1632 1225 pentadraclimam,

214 1237 253 1268 et
281 1231 790 1279 pentacontadraelzmam:
841 1230 1108 1283 ostenditque
1145 1229 1320 1268 Pollucis
1374 1229 1510 1268 nostri
1552 1228 1634 1267 hoc

214 1284 358 1325 eodem
390 1287 484 1324 loco
530 1287 694 1341 egregie
727 1286 899 1325 abusum
939 1286 1072 1324 fuisse
1107 1286 1326 1335 Snellium,
1370 1298 1461 1323 cum
1493 1284 1564 1323 hic
1589 1298 1634 1325 se

212 1348 379 1394 putaret
409 1340 639 1392 invenisse,
672 1355 777 1395 quae
809 1341 953 1380 stateri
981 1355 1057 1379 suo
1091 1340 1246 1394 viginti
1279 1339 1462 1394 quinque
1489 1339 1634 1378 drach-

211 1408 367 1435 marum
406 1396 693 1461 undecunque
722 1396 869 1438 invitis
906 1396 1136 1434 munimina
1176 1395 1447 1449 conquirebat
1482 1395 1632 1447 Musis,

213 1450 558 1504 perspicacissimi
584 1453 647 1490 vir
681 1452 844 1506 ingenii
870 1461 994 1505 atque
1022 1451 1267 1504 politissimi
1296 1453 1334 1492 I.
1365 1451 1480 1490 Frid.
1517 1450 1634 1489 Gro-

212 1509 358 1545 novius
383 1505 432 1544 de
451 1507 661 1547 sestertiis
684 1522 777 1560 pag.
812 1506 898 1559 167.
926 1507 1025 1545 alias
1047 1506 1155 1545 idem
1178 1507 1354 1545 Snelliua
1374 1505 1475 1545 baec
1495 1508 1632 1558 plera-

214 1575 295 1616 que
314 1560 439 1600 habet
467 1572 508 1601 et
538 1564 715 1616 exponit
737 1577 829 1617 pag.
858 1561 919 1602 54.
951 1572 992 1600 et
1012 1576 1094 1617 seq.
1152 1562 1261 1600 Mox
1281 1571 1415 1600 autem
1438 1571 1532 1600 ante
1554 1575 1630 1599 nos

211 1619 429 1670 κυριναίοις
451 1618 550 1664 fuit,
586 1618 698 1672 quod
729 1618 826 1658 vitii
856 1617 1161 1657 emendavimus
1188 1617 1313 1657 facile
1336 1631 1427 1655 cum
1447 1617 1631 1656 Kaehnio

211 1682 372 1719 nostro,
402 1673 739 1726 restituimusque
750 1675 1015 1725 Κυρηναίοις·
1052 1673 1289 1724 Cyrenenses
1313 1681 1446 1712 autem
1474 1671 1633 1726 insigni

212 1742 311 1768 suae
329 1727 583 1781 reipublicae
617 1728 772 1782 silphio
798 1743 870 1767 seu
902 1728 1115 1781 laserpitio
1145 1726 1211 1767 usi
1239 1738 1359 1778 sunt,
1388 1726 1498 1782 quod
1519 1725 1631 1779 apud

212 1797 282 1824 eos
312 1784 710 1836 praestantissimum
742 1785 849 1832 fuit,
890 1785 1113 1838 magnique
1139 1783 1339 1822 habitum.
1379 1783 1629 1822 mentionem

211 1840 356 1891 itaque
391 1839 541 1877 factam
578 1839 718 1879 videas
749 1840 793 1877 in
822 1838 1082 1879 Medicorum
1125 1839 1291 1892 scriptis
1327 1838 1467 1878 laseris
1495 1837 1559 1890 Cy
1562 1851 1631 1878 re-

211 1894 348 1939 naici,
378 1894 442 1932 uti
469 1894 581 1947 apud
611 1897 862 1933 Marcellum
887 1896 1140 1945 Εηιρίνίσιιιη
1177 1909 1266 1947 cap.
1305 1893 1363 1935 15.
1411 1902 1452 1933 et
1485 1892 1630 1931 haberi

210 1949 398 2003 potuisse
416 1949 621 1989 rarissime
641 1950 812 2004 colligas
833 1964 884 1989 ex
901 1946 1017 1988 hisce
1034 1951 1239 1988 Scribonii
1254 1949 1448 2016 Compos.
1470 1947 1628 2003 Medic.

213 2003 555 2057 cap.16.laeer
596 2006 885 2056 Cyrenaicum,
922 2009 959 2042 si
982 2009 1136 2056 poterit
1161 2007 1361 2052 ἰηνεηίνίς
1397 2006 1463 2043 sin
1481 2005 1630 2053 minue,

212 2062 424 2112 Syriacum
456 2074 566 2112 aqua
597 2062 784 2102 dilutum.
851 2059 979 2102 Ὀπον
1007 2061 1282 2115 [(υρηναῖκόν,
1321 2078 1368 2103 ον
1399 2060 1553 2112 ἐκφέρει
1584 2075 1627 2101 το

212 2119 372 2167 σίλφιον
394 2115 563 2158 ὄπισθεν
591 2115 771 2180 adpellat
800 2117 946 2155 Strabo
978 2116 1052 2159 lib
1081 2117 1219 2160 XVII,
1251 2115 1490 2167 ibidemque
1507 2113 1630 2166 Cyre-

209 2171 374 2211 naicam
388 2171 612 2235 regionem
641 2171 685 2209 in
714 2181 796 2211 tres
827 2171 1001 2211 divisam
1033 2181 1167 2223 partes
1186 2171 1339 2223 tradit,
1370 2169 1631 2222 mediamque

211 2225 470 2279 laserpitium
490 2226 650 2274 tulisse,
688 2226 738 2266 de
758 2240 852 2280 qua,
885 2235 931 2265 ut
949 2236 990 2265 et
1011 2226 1061 2265 de
1081 2235 1168 2266 tota
1193 2226 1444 2280 Cyrenaicae
1474 2225 1630 2278 primae

211 2291 359 2325 natura
398 2290 521 2333 atque
565 2283 737 2336 ingenio
774 2282 1074 2335 elegantissima
1114 2296 1229 2345 pono
1268 2282 1450 2322 Arriani
1486 2277 1628 2328 verba,

213 2336 366 2403 quibus
385 2335 557 2377 Indicae
585 2336 786 2376 historiae
816 2337 927 2376 libro
966 2337 1146 2388 imponit
1175 2337 1325 2386 finem:
1358 2332 1478 2377 Am’
1499 2351 1521 2383 η
1542 2340 1629 2375 Κυ-

211 2387 309 2445 ρῆνη
339 2390 415 2445 γάρ
443 2397 514 2441 τῆς
528 2389 688 2445 Λιβύης
710 2395 751 2435 ἐν
779 2395 859 2440 τοῖς
885 2393 1132 2460 ἐρημοτέροις
1148 2392 1430 2444 πεπολισμένη,
1461 2386 1630 2439 ποιωδης

211 2447 256 2488 τέ
273 2447 357 2488 ἐστι
385 2450 451 2490 καῖ
482 2447 674 2500 μαλθακη
703 2451 772 2492 καὶ
783 2448 965 2515 εὔυδρος
983 2449 1051 2490 καὶ
1081 2449 1199 2488 ἄλσεα
1229 2450 1296 2490 και
1321 2445 1529 2498 λειαωνες,
1564 2447 1631 2486 και

212 2503 373 2555 καρπῶν
397 2506 594 2546 παντοίων
627 2508 695 2548 καὶ
721 2501 890 2554 κτήνεων
910 2501 1139 2569 πάμφορος,
1168 2503 1256 2545 ἕστε
1285 2505 1352 2568 {ni
1377 2517 1446 2542 του
1470 2502 1630 2553 σιλφίου

212 2557 284 2606 τοῖς
315 2557 521 2612 ἐκφύσεις·
560 2560 661 2613 ὑπὲρ
697 2562 739 2604 δὲ
767 2577 808 2602 το
847 2561 1003 2613 σίλφιον
1042 2577 1087 2599 τα
1126 2559 1205 2601 α’νω
1246 2551 1368 2608 αὐτῆς
1403 2556 1530 2610 ἔρημα
1564 2558 1631 2598 και
