1716 3016
151 136 235 178 868
772 135 849 178 ΙΧ.
906 141 946 180 8·

152 245 293 300 itaque
311 245 457 286 Ionica
484 246 747 301 ἕνηβητήριον
766 247 897 287 fuerit
915 251 1047 295 locus,
1077 247 1122 285 in
1143 260 1262 303 quem
1284 245 1473 287 laetitiae
1492 261 1579 286 mu-

151 302 282 341 tuiter
297 301 551 342 exercendae
572 317 669 358 ergo
687 302 862 342 iuvenes
885 302 1208 351 conveniebant,
1229 311 1356 370 atque
1373 301 1454 341 id
1441 316 1579 370 lpsum

150 357 291 397 voluit
314 359 568 410 Hesychius,
600 372 691 397 cum
713 358 880 411 inquit.
904 357 1154 414 Ἥβητήρια,
1184 354 1427 427 ἕσιιατήρια.
1458 355 1582 400 κατά-

148 417 272 460 λυσις.
311 413 375 465 [In
396 414 599 465 Hesychia·
629 416 726 452 loco
753 414 1055 454 restituendum
1084 424 1188 467 puto
1216 412 1455 464 καταλύσεις.
1510 415 1580 453 Ex

148 469 378 511 Αᾰᾱεηᾶἰε
389 470 404 521 ]
445 467 651 508 videndus
680 468 724 507 in
753 470 1015 509 Athenaeum
1045 470 1322 510 casaubonus.
1367 479 1580 523 praeterea

148 524 224 563 illo
253 525 422 563 nomine
451 524 663 578 gymnasia
691 523 740 562 ab
762 525 1091 564 Atheniensibus
1118 524 1284 579 quidem
1307 525 1580 578 appellaban-

146 589 227 619 tur.
267 580 519 620 Scholiasta
537 580 759 632 Euripidis
785 579 838 619 ad
859 581 1032 633 Hippot.
1065 578 1263 635 ἡβητήρια
1284 579 1331 623 τὰ
1355 580 1575 636 γυμνάσια·
1621 587 1624 590 ’

147 645 291 704 atque
295 636 354 675 ita
378 635 485 674 hanc
507 650 651 675 vocem
680 636 912 690 intelligam
929 635 1040 690 apud
1064 638 1299 677 Theodoret.
1329 635 1381 676 de
1398 635 1571 678 Provid.

145 696 230 745 λογ.
257 687 306 734 ὸ’.
344 693 598 748 καταγωγίων
632 691 675 734 δὲ
698 692 766 733 καὶ
789 692 1060 748 ἑνηβητηρίων
1090 691 1298 747 ἐκδομήσω
1327 682 1419 746 (isa
1448 693 1574 748 lego)

144 746 242 790 κάλλ

244 763 368 859 Ἷόριος
388 801 509 856 Ζεῦς]
539 805 671 842 Plato
700 802 810 843 libro
836 811 986 844 octavo
1008 802 1059 844 de
1082 804 1138 847 L.
1154 804 1204 845 L.
1229 803 1306 845 fol.
1325 800 1418 872 214.
1475 799 1576 853 Διός

146 857 261 913 ὅρίου
281 860 351 912 μὲν
368 864 523 914 πρῶτος
539 857 605 901 όδε
622 857 744 913 νόμος
763 857 963 912 εἰρήσθω·
993 858 1045 913 μὴ
1063 861 1215 902 κινείτω
1233 875 1307 914 γης
1327 875 1419 911 ορια
1439 859 1574 912 μηδεὶς

145 925 223 958 etc.
269 918 443 968 Dionys.
475 917 701 954 Ηαίίοανη.
736 914 843 954 libro
880 915 1066 954 secundo
1105 915 1238 968 antiq.
1278 915 1357 953 fol.
1389 913 1478 957 155.
1519 914 1571 954 de

147 973 307 1011 Numa:
346 968 531 1019 κελεύσας
547 968 620 1026 γαρ
648 967 794 1012 ἑκάστω
811 969 1054 1041 περιγράψαι
1070 969 1143 1023 τὴν
1159 970 1302 1012 ἑαυτοῦ
1317 974 1478 1039 κτῆσιν,
1506 962 1574 1012 καὶ

144 1032 282 1080 στῆσαι
309 1029 450 1075 λίθους
473 1027 536 1068 ἐπι
562 1033 644 1074 τοῖς
672 1024 804 1078 ὅροις,
834 1026 965 1095 ἷερούς
995 1024 1193 1074 ἀπέδειξεν
1218 1022 1335 1079 ὁρίου
1354 1023 1453 1074 Διὸς
1478 1042 1572 1074 τους

140 1086 297 1133 λίθους,
353 1082 468 1122 Idem
498 1097 599 1121 mox
613 1079 765 1149 ορίους
789 1081 913 1130 θεους
933 1081 1221 1121 multitudinis
1247 1094 1421 1121 numero
1443 1079 1572 1122 dicit.-

141 1139 404 1178 Plutarchus
439 1148 575 1177 autem
608 1134 751 1205 δ’ριον
762 1134 881 1179 θεόν·
935 1151 1058 1191 quem
1097 1137 1241 1190 inquit
1281 1149 1371 1177 esse
1410 1136 1573 1191 εἰρήνης

141 1194 300 1247 φύλακα
325 1195 393 1236 καὶ
421 1193 673 1258 δικαιοσύνης
701 1191 871 1246 μάρτυν·
901 1193 945 1231 in
966 1193 1053 1232 Vit.
1077 1193 1239 1231 IVumae
1257 1192 1335 1233 fol.
1357 1191 1425 1233 51.
1458 1206 1570 1246 quo-

140 1250 268 1290 modo
299 1250 345 1288 in
375 1251 604 1304 quaestion.
651 1248 850 1289 Romanis
869 1248 946 1287 fol.
975 1247 1064 1290 161
1096 1247 1236 1287 eadem
1258 1242 1309 1287 de
1327 1261 1372 1287 re
1386 1250 1566 1302 loquens

144 1307 340 1358 Ἰὲρμινον
373 1306 591 1346 ἐπίσκοπον
624 1306 691 1346 καὶ
724 1302 879 1356 φύλακα
921 1303 1054 1355 φιλίας
1087 1304 1157 1345 καὶ
1184 1300 1345 1358 εἰρήνης
1373 1306 1567 1357 appellat.

130 1362 238 1402 'vide
260 1360 489 1426 Gyraldum
508 1369 621 1412 synt.
643 1375 673 1399 1.
697 1360 773 1398 fol.
794 1360 861 1400 42.
917 1365 998 1400 San.

252 1415 364 1484 όριος
399 1413 528 1468 Ζεὺς]
577 1415 739 1455 Latinis
786 1417 1025 1465 Terminus,
1082 1412 1197 1453 unde
1233 1415 1491 1454 Terminalia
1519 1414 1567 1454 in

141 1474 300 1513 Glossis
327 1469 539 1523 ἆροθέσια,
568 1469 684 1524 ἑορτὴ
713 1468 825 1524 ὁρίου
859 1474 983 1518 Θεοῦ,
1016 1468 1218 1520 reddunt,
1261 1478 1303 1508 et
1329 1467 1564 1523 ἇπαντήσια,

137 1528 190 1568 ab
220 1526 421 1584 ἄπαντᾷν,
458 1541 682 1577 occurrere,
730 1527 830 1579 quia
869 1527 915 1565 in
943 1524 1148 1564 limitibus
1179 1524 1352 1565 coibant
1379 1526 1566 1566 celebra-

137 1585 224 1624 turi
246 1585 397 1624 festum
419 1583 547 1632 illud,
580 1583 813 1623 etiterum.
852 1583 1083 1631 Terminus,
1112 1598 1224 1649 οριος
1252 1581 1362 1630 Θεός.
1416 1588 1560 1622 Kumm.

246 1656 358 1694 οριος
385 1638 517 1691 Ζεῦς]
555 1639 648 1678 Μ5.
680 1635 780 1686 Ζεὺς
811 1635 945 1691 όριος,
974 1655 1012 1680 κ.
1042 1651 1096 1679 σι.
1128 1635 1285 1691 ἕφόρια.
1317 1636 1368 1677 de
1396 1636 1463 1677 his
1495 1651 1563 1678 co·

134 1695 290 1736 lamnis
307 1695 476 1760 aliquid
495 1704 539 1734 et
569 1694 830 1735 Turnebus-V
853 1693 1246 1739 Advers.3.11me.

247 1749 366 1804 στήλη
395 1750 562 1804 ε’φορία]
606 1749 652 1789 C.
685 1750 734 1791 A.
767 1749 884 1802 σιύλη
917 1759 958 1788 et
997 1749 1109 1787 infra
1150 1762 1276 1803 segm
1310 1762 1399 1802 seq.
1444 1728 1562 1804 στῦλη

135 1807 313 1846 iterum:
346 1805 612 1858 praetulerim
644 1815 781 1845 tamen
810 1809 1046 1859 vulgatum:
1084 1813 1232 1857 postea
1255 1804 1417 1845 omittit
1446 1805 1495 1845 Ο.
1514 1807 1562 1849 A.

135 1865 328 1915 copulam
351 1862 414 1902 καὶ
439 1861 579 1900 statim
603 1872 698 1913 post
715 1862 858 1914 ἕφορία
881 1875 1011 1913 usque
1039 1858 1090 1898 ad
1109 1860 1306 1915 γενέσθαι.
1361 1867 1504 1901 Κπιιιι.

242 1919 518 1971 προσωρίσθαι
539 1918 641 1970 γῆν]
672 1916 760 1957 MS.
783 1920 1029 1971 προσορίσαι.
1086 1920 1164 1955 Szn.

242 1975 516 2027 προσωρίσθαι
540 1971 720 2025 γην]Ο
726 1974 816 2012 ..V
848 1974 1084 2038 προσορίσαι
1111 1985 1186 2024 pro
1223 1973 1500 2028 προσωρίσθαι
1522 1990 1562 2029 y·

133 2038 289 2069 terram
299 2028 461 2078 finibus
494 2028 702 2067 adiectam
733 2029 899 2076 habere,
953 2031 1154 2080 regionem
1179 2028 1356 2068 adamare
1379 2029 1560 2078 finibue.

130 2092 273 2125 Kumm.

241 2140 521 2195 προσωρίσθαι
547 2138 648 2194 γῆν]
700 2139 793 2182 MS.
830 2149 872 2180 et
907 2148 1049 2179 noster
1078 2149 1121 2181 et
1155 2139 1291 2179 Schera·
1325 2142 1562 2196 προσορίσαι

275 2202 384 2237 Imm.

130 2201 220 2251 γῆν
240 2254 306 2295 καὶ
335 2268 425 2308 ορια
452 2248 698 2294 maenam·
709 2252 724 2304 ]
764 2251 895 2291 Abest
923 2265 948 2290 a
983 2251 1031 2292 C.
1061 2251 1109 2293 A.
1139 2252 1326 2292 revellere
1352 2254 1557 2295 terminus.

129 2314 272 2350 Ktrmm.

236 2412 442 2471 υπόχρεων
455 2419 635 2473 χωρίον,]
666 2418 756 2460 MS.
777 2367 999 2471 ὗιὲοχρεων,
1027 2419 1172 2472 χωρίον
1189 2415 1259 2472 ὦρ.
1314 2423 1416 2460 Iunc.

239 2474 306 2515 καὶ
326 2472 351 2524 ἦ
372 2476 597 2527 ἕνεστηκυῑα
619 2489 674 2517 στ.
685 2475 705 2527 ]
738 2474 784 2514 C.
806 2475 858 2514 A.
884 2476 1059 2541 ἐνεστῃκ.
1083 2473 1210 2526 σιύλη
1265 2479 1411 2512 Kazan-

239 2530 305 2570 καὶ
325 2528 351 2581 ἦ
369 2530 598 2583 ἕνεσιηκυῖα
615 2531 691 2583 στ.]
728 2527 754 2582 ἡ
785 2531 903 2572 ἔνεστ.
933 2530 1068 2583 στήλη,
1074 2546 1224 2624 dopos-
1255 2528 1553 2582 interpretatur

129 2583 231 2623 haec
256 2584 424 2624 doctiss.
462 2587 675 2626 Turnebus
708 2585 857 2625 dicto
845 2600 925 2625 mm
955 2584 1099 2626 locod
1103 2599 1125 2625 e
1144 2584 1289 2642 ἐφορίᾳ
1309 2583 1427 2639 στήλῃ
1447 2597 1553 2639 quae
