1690 2996
183 111 290 152 1682
798 108 1006 153 >2124

290 218 475 273 χλαίνας]
507 218 602 261 MS.
634 220 786 275 χλένας·
824 219 992 260 vitiose.
1050 222 1128 261 Ait
1157 234 1258 265 vero
1277 233 1319 265 et
1340 225 1457 268 λεπτὰ
1480 224 1614 279 Indua

180 273 292 327 apud
319 277 543 314 Homerum
569 279 730 330 χλαίνας
753 276 852 325 dici,
881 290 966 316 non
992 286 1154 316 tantum
1182 281 1331 331 crassa,
1358 281 1612 322 Coma-orum

181 344 309 380 more,
338 341 380 370 et
398 328 474 373 τῶν
490 337 639 374 λεπτῶν
657 342 796 386 putem
818 333 949 371 fuisse
967 332 1036 382 τοὶς
1053 331 1246 385 α’πλοΐδας
1265 347 1308 376 et
1328 334 1472 386 ουλους
1483 338 1611 392 forte,

181 386 233 426 de
257 386 411 440 quibus
433 401 557 440 supra
581 388 774 455 V11‚47.
826 393 936 429 Inue.

288 447 465 496 χλαῖναν,
493 445 611 486 καὶτ.
634 446 659 487 ί.
679 461 712 499 χ.
745 441 798 494 ὥς
823 445 1016 487 Θετταλοί.
1027 448 1047 494 ]
1087 444 1138 487 C.
1160 446 1212 488 V.
1230 415 1448 502 χλανίδακ.
1472 463 1510 490 τ.
1529 449 1608 503 ἰοχ.

183 501 397 541 Θετταλων.
450 506 596 539 Kumm.

288 559 463 608 χλαῖναν,
491 558 605 598 καὶτ.
626 557 653 598 ἶ.
674 573 708 610 χ.
728 552 781 605 ὥς
805 558 1000 599 Θετταλοί.
1012 556 1027 608 ]
1056 555 1152 599 MS·
1174 560 1336 611 χλανίδα
1357 557 1496 608 habet,
1518 572 1608 600 non

178 615 349 663 χλαῖναν.
407 612 465 650 Et
481 627 573 651 cum
596 612 689 651 MS.
710 611 1010 652 emendandum
1033 612 1220 663 videtur,
1249 623 1298 654 ut
1320 615 1606 685 intelligamus

178 665 223 709 τὰ
242 665 415 709 λεπτὸν’“
397 664 551 721 ιμάτιον
569 667 734 707 Atticos
755 670 916 722 χλανίδα
942 681 1111 718 vocare,
1144 666 1188 711 τό
1210 670 1376 712 ἱππικὸν
1395 684 1493 710 vero
1513 676 1611 724 χλα-

181 722 309 776 μύδα,
340 731 388 762 ut
418 723 711 763 Thessalorum
742 727 837 765 alas.
877 733 918 762 et
939 723 999 762 ibi
1020 723 1130 762 enim
1152 738 1249 765 mox
1268 729 1361 780 lege
1379 735 1426 765 ut
1446 726 1490 764 in
1513 725 1607 767 MS.

113 780 116 784 ’
180 789 324 818 nostro
345 787 429 828 est,
458 796 513 827 ως
541 782 766 821 Θετταλῶν·
795 793 880 818 non
900 788 946 817 ut
968 781 1110 832 vulgo.
1147 783 1340 823 Θετταλοί.
1379 783 1487 821 clare
1502 791 1544 820 te
1565 791 1610 821 et

186 834 360 873 Νοειεν’
349 848 438 886 ipse
457 834 622 881 iubeat,
653 835 689 873 si
709 834 813 873 mihi
831 848 972 887 parere
989 836 1254 878 recusaveris.
1283 850 1406 890 supra
1426 836 1609 883 v11.46.

177 888 248 939 τὰς
269 890 312 932 δὲ
336 889 566 939 Θετταλικάς
593 889 794 944 χλαμύδας
818 887 1026 932 Θετταλικὰ
1049 888 1171 944 πτερὰ
1186 889 1391 946 ωνὸμαζον
1405 901 1482 934 ete.
1521 891 1610 933 sed

179 945 232 986 de
261 945 397 998 priori
419 959 588 999 quoque
618 946 698 985 tibi
726 948 881 986 Noster
904 945 1017 984 dicat
1039 959 1083 984 se
1110 949 1271 1001 χλανίδα
1291 947 1363 987 hic
1381 946 1608 1000 scripsisse.

180 1002 370 1054 geminus
389 1004 506 1040 locus
529 1015 652 1054 supra
671 1002 768 1050 VII,
789 1000 858 1042 48.
888 1003 1020 1056 χλανὶς
1036 1002 1090 1047 δὲ.
1120 1002 1277 1055 ἱμάτιον
1292 1001 1432 1046 λεπτόν
1448 1011 1525 1043 etc.
1563 1013 1608 1043 et

178 1071 303 1110 supra
322 1057 398 1106 IV,
425 1056 512 1098 116.
550 1058 705 1122 paritet
729 1059 863 1111 χλανὶς
886 1067 928 1098 et
958 1055 1105 1110 χλαμῦς
1135 1059 1280 1099 iuncta
1304 1059 1429 1099 habes
1449 1059 1490 1099 ἐν
1510 1075 1610 1112 τρα-

177 1117 272 1170 γικῇ
299 1117 434 1168 σκευῇ.
490 1114 548 1151 Et
573 1114 609 1152 si
633 1116 772 1153 locum
793 1113 1030 1153 consideres
1046 1124 1322 1182 praesentem,
1353 1121 1512 1169 χλαῖναν
1534 1124 1608 1154 et·-

179 1172 259 1208 iam
284 1169 426 1221 inepte
444 1179 616 1222 repetas.
658 1169 775 1208 dixit
794 1169 904 1208 enim
927 1169 1008 1208 iam
1031 1186 1078 1209 τα
1096 1168 1212 1212 λεπτα
1237 1172 1362 1211 etiam
1382 1171 1608 1211 Homerum

175 1227 334 1279 χλαίνας
351 1239 513 1275 vocare,
535 1235 583 1263 ut
603 1224 980 1277 Comicisemperw'c
991 1227 1130 1267 δασέα·
1155 1225 1378 1266 cui-denuo
1393 1225 1520 1273 dicat,
1532 1226 1609 1264 At-

176 1282 284 1320 ticos
296 1279 609 1335 quidemdicere
620 1279 1013 1332 τόλεπτόν,χλαῖναν.
1000 1281 1021 1309 9
1036 1281 1113 1320 Sed
1126 1284 1234 1320 clara
1248 1281 1349 1322 haec
1359 1281 1472 1321 satis.
1494 1287 1606 1324 Irme.

288 1336 476 1390 χλαῖναν]
507 1336 640 1374 Probe
665 1335 844 1375 Codices
865 1336 1024 1374 exarati
1051 1339 1233 1389 χλανίδα,
1259 1351 1380 1392 quam
1398 1349 1543 1377 vocem
1558 1336 1604 1375 in

178 1401 298 1431 textu
319 1391 499 1430 restitui.
542 1390 766 1429 ridiculum
787 1405 875 1430 esse
895 1401 936 1430 et
955 1391 1156 1443 ineptum,
1188 1392 1223 1430 si
1248 1398 1383 1446 χλαῖνα
1400 1391 1471 1431 hic
1490 1405 1606 1445 repe·

179 1458 317 1497 tatur,
348 1445 534 1486 ostendit
559 1448 901 1497 langermannus.
939 1447 1089 1486 Pollux
1116 1458 1347 1500 praeterea,
1377 1456 1515 1488 stante
1540 1449 1608 1487 le·-

180 1505 321 1544 ctione
341 1504 531 1555 vulgata,
561 1501 640 1540 sibi
665 1502 896 1541 contrarius
915 1511 990 1543 est.
1031 1501 1192 1542 dixerat
1215 1503 1325 1542 enim
1345 1503 1496 1543 Poetas
1521 1502 1607 1541 co-

180 1563 306 1598 micos
325 1557 407 1596 hoc
430 1560 520 1596 solo
543 1557 714 1596 nomine
716 1557 968 1627 designasse
987 1575 1034 1599 τα
1053 1559 1215 1612 παχὲα’“
1198 1556 1347 1610 ιμάτια·
1377 1558 1451 1612 qui
1469 1557 1606 1611 possit

179 1618 321 1669 itaque
339 1612 444 1661 fieri,
474 1623 520 1650 ut
541 1613 667 1652 Attici
684 1611 728 1656 τὸ
747 1612 920 1654 λεπτὸν’“
904 1611 1056 1666 ιμάτιον
1077 1616 1287 1678 appellent
1303 1619 1484 1668 χλαῖναν,
1510 1627 1604 1652 cum

181 1670 318 1711 omnis
347 1668 480 1707 Attici
515 1669 716 1707 sermonis
742 1669 947 1723 elegantia
969 1669 1135 1721 scriptis
1160 1670 1413 1709 Comicorum
1431 1682 1598 1710 censea-

179 1724 280 1767 tur?
316 1723 366 1765 de
384 1726 534 1777 χλανίσι
555 1738 667 1774 vero,
671 1725 731 1764 sic
750 1724 833 1763 dici
857 1735 988 1764 vestes
1006 1725 1239 1764 mollicinas
1261 1734 1303 1765 et
1322 1736 1482 1773 tenues,
1513 1738 1604 1764 om-

179 1783 247 1822 nis
279 1779 653 1821 Grammaticorum
682 1780 833 1819 chorus
861 1789 1064 1826 testatur,
1095 1789 1136 1820 et
1157 1790 1363 1833 praeterea
1385 1780 1604 1819 meliorum

180 1847 398 1878 auctorum
424 1849 539 1879 usus
571 1836 756 1874 omnium
782 1836 912 1874 instar
927 1836 1005 1875 erit
1018 1836 1338 1875 Demosthenes
1326 1850 1370 1874 m
1389 1835 1603 1886 Mediana,

178 1893 254 1933 ubi
273 1906 365 1931 cnm
384 1892 545 1930 Midiae
564 1890 797 1959 pudendam
817 1891 1025 1930 luxuriam
1043 1891 1226 1931 obiicere
1244 1893 1382 1941 vellet,
1414 1889 1464 1929 ad
1487 1890 1604 1928 mili-

180 1949 285 1989 tiam
314 1947 439 1986 ivisse
464 1945 574 1984 dixit
603 1946 666 1988 ἐπ’
689 1942 886 2014 αστράβης
910 1944 1124 2000 ὀχούμενον
1141 1943 1203 1998 ἔξ’
1194 1946 1406 2002 Λργουρας
1422 1949 1492 1998 τῆς
1514 1942 1605 1987 Εὖ-
1651 1967 1654 1969 ·

177 2007 303 2060 βοίας,
332 2003 512 2056 χλανίδας
531 2002 650 2044 δὲκαὶ
667 2000 816 2056 κύμβια
837 2002 902 2043 καὶ
919 2001 1068 2052 κάδους
1085 2004 1242 2068 ἔχοντα·
1273 2001 1322 2042 ad
1337 2014 1451 2056 quae
1459 2002 1603 2054 (Πρια-

181 2076 279 2100 nus:
318 2060 502 2113 χλανίδας
535 2057 604 2111 μὲν
642 2058 712 2106 τὰς
739 2059 962 2110 Μιλησίας,
1003 2059 1127 2097 sicuti
1156 2063 1314 2113 χλαῖναν
1343 2059 1551 2110 Μιλησίαν
1577 2068 1602 2096 ο

176 2117 320 2158 Proclo
339 2128 461 2166 supra
481 2114 744 2167 protulimus,
763 2122 802 2151 et
814 2111 946 2164 ἷματια
955 2111 1142 2182 τρυφερά.
1171 2113 1399 2153 clarissime
1421 2113 1604 2151 clemens

179 2172 368 2223 Paedag
396 2168 575 2208 1ib.111.
607 2168 701 2208 c.5.
731 2166 831 2218 πρὸς
859 2170 899 2209 δὲ
924 2168 967 2210 τὸ
997 2168 1302 2222 μαλθακώτερον
1326 2167 1605 2215 &manuumve

177 2230 466 2283 γυναικίζονται
492 2234 570 2264 etc.
601 2226 749 2278 χλανίσι
773 2223 814 2265 δὲ
833 2226 1041 2276 διαφανέσι
1061 2225 1400 2278 περιπεπεμμένοι.
1441 2222 1604 2261 -Deni-

179 2298 259 2338 que
279 2296 363 2320 non
387 2279 711 2334 praetereundus
738 2281 951 2318 Ammonia·
970 2283 1088 2319 locus
1111 2281 1315 2334 egregius,
1347 2277 1420 2316 ubi
1440 2279 1604 2332 χλαίνας

179 2349 220 2379 et
242 2340 421 2403 »χλανίδος
448 2335 723 2375 differentiam
754 2333 903 2376 tradit.-
945 2340 1120 2377 Χλαῖναν
1137 2336 1198 2376 καὶ
1220 2335 1381 2387 χλανίδα
1400 2334 1603 2385 διαφέρειν

180 2396 281 2446 φησὶ
317 2396 343 2431 1
351 2409 493 2445 ρυφων
520 2392 562 2433 ἐν
586 2408 639 2432 τω
668 2392 825 2459 πέμπτΙῳ
853 2391 941 2443 περὶ
954 2388 1231 2443 Ἑλληνισμοῦ,
1261 2390 1326 2431 καί
1347 2391 1605 2440 παρατίθεται

183 2453 446 2501 Ξενοφῶντα·
462 2450 640 2498 χλαίνας
665 2448 734 2499 μὲν
753 2463 826 2501 γαρ
849 2460 947 2498 φησι
964 2447 1176 2516 λέγεσθαι’
1159 2446 1221 2488 em
1236 2449 1314 2486 τῶν
1337 2441 1602 2513 ἔγκοιμήτρων

182 2523 250 2547 και
273 2507 448 2569 παχέων
490 2502 551 2545 διὸ
570 2501 665 2543 ua?
670 2507 829 2556 Ομηρον
847 2502 993 2554 φάναι·
1012 2500 1150 2542 ”Ενθα
1173 2503 1213 2542 οἷ
1236 2501 1409 2542 ἐκθεῖσαι
1435 2497 1604 2541 πυκινὸν

183 2562 313 2614 λέχος,
345 2556 517 2612 ἐμβάλετ’
549 2575 578 2601 ει
593 2576 666 2612 νην
697 2560 846 2612 Δέμνια
873 2559 939 2601 καὶ
965 2558 1119 2612 χλαίνας
1145 2574 1209 2599 και
1227 2554 1345 2612 ῥηγεα
1366 2553 1603 2612 equabatu-
