1690 2996
185 86 286 125 1618
800 83 850 121 X.
915 87 1015 127 103..

177 194 199 235 ὃ
221 191 475 247 ἐμβάλλοντες
491 193 579 236 τινὰ
612 190 815 248 ἀρτύματα
842 196 1027 249 τρίβομεν
1052 197 1121 238 καὶ
1147 201 1342 251 haurimu-
1374 197 1472 240 inde
1499 195 1597 254 ὑπὲρ

175 252 277 305 ἴγδιν
295 253 445 303 τρίψιες
462 249 572 303 apud
595 250 828 303 Agathiam
847 251 1018 294 Anchol.
1042 251 1112 294 lib.
1131 253 1206 292 IV.
1245 283 1249 288 .

342 308 383 348 οἱ
400 304 474 361 γὰρ
494 308 713 359 φασσιανοί
723 322 762 348 τε
779 308 844 348 καὶ
867 307 1013 361 ἰχθύες,
1042 309 1088 349 αἵ
1102 306 1147 350 θ’
1165 305 1264 363 ὑπὲρ
1279 310 1383 366 ἴγδὶν

445 365 609 415 τρίψιες,
637 360 666 414 ἥ
680 379 720 404 τε
740 361 836 415 τόση
851 362 1256 418 βρώματοςέξωπᾶυη.

174 419 297 458 Subit
318 418 457 472 itaque
475 419 628 469 mirari,
659 418 762 474 quid
781 419 915 458 virum
938 434 1139 459 summum
1157 422 1211 460 Is.
1231 421 1516 462 casaubonum
1533 423 1595 461 in-

175 475 365 524 duxerit,
405 483 453 512 ut
476 475 538 512 sic
566 474 766 514 scriberet
793 474 844 514 ad
868 473 971 515 haec
999 477 1208 516 Athenaei
1227 477 1300 517 lib.
1322 477 1399 520 IX.
1414 477 1529 531 ῤ’όδια
1547 477 1594 520 τὰ

175 529 414 583 εὐοσμότατα
436 532 477 573 ἐν
497 531 595 585 ἴγδει
610 530 765 584 τρίψας.
804 531 924 570 Libri
942 533 1124 570 meliores
1145 533 1188 574 ἐν
1201 535 1311 590 ἴγδῃ·
1338 543 1466 574 reete:
1495 549 1595 584 nam

173 591 366 643 ἴγδις-μω
383 585 479 638 pila
497 596 537 624 et
558 588 750 624 mortario
769 599 853 624 non
872 586 1038 634 dicitur,
1070 588 1145 626 sed
1161 591 1262 642 ἴγδη.
1305 603 1389 629 non
1401 589 1592 644 equidem

172 644 344 694 renitor,
386 641 608 696 quominus
621 642 663 679 in
677 642 891 680 Athenaeo
905 643 1096 681 restituas
1115 646 1218 697 ἵγδη,
1235 644 1272 683 si
1283 644 1457 685 iubeant
1466 644 1590 687 MSS.

173 699 370 744 Codices,
402 697 574 736 sed-tam
593 700 697 751 ἴγδιν
719 711 842 751 quam
861 700 974 751 ἴγδην
995 712 1070 750 pro
1083 687 1237 750 pila¹et
1256 704 1453 740 mortario
1474 715 1591 740 usur-

169 755 259 807 pari
284 753 660 806 exploratissimum
673 763 749 792 est.
791 754 1012 805 Sopingius
1029 755 1220 793 tamenin
1231 755 1373 796 eodem
1387 759 1477 795 luto
1493 756 1589 795 hae-

168 812 236 850 sit.
268 810 531 862 Phrynichus
547 818 682 847 autem
707 818 944 862 argutatum
975 823 1067 848 cum
1085 813 1229 852 θυείαν
1253 809 1473 851 dicendum
1496 826 1589 850 mo-

170 877 253 915 net,
287 879 371 904 non
394 868 520 918 ἴγδην,
552 866 635 913 vel,
668 873 716 902 ut
735 863 862 903 habet
882 863 1016 904 editio
1041 866 1211 912 Veneta,
1240 867 1357 921 ἴγδιν.
1388 881 1460 906 cur
1477 867 1585 906 enim

167 933 391 974 utrumque
419 934 503 959 non
534 929 758 972 usurpetur
786 928 828 958 et
844 918 1017 972 probum
1039 919 1256 967 habeatur,
1286 936 1377 960 cum
1402 921 1587 975 npuden-

167 978 370 1018 stissimos
401 986 607 1015 occurrat„
627 974 885 1028 scriptores?
922 976 1160 1026 Praeterea,
1199 977 1235 1016 si
1267 987 1497 1028 auctores‚·
1513 979 1585 1032 qui

165 1037 306 1082 θυείας
324 1043 363 1072 et
383 1034 508 1087 ἴγδιος
524 1034 589 1070 vel
609 1032 719 1085 ἴγδης
738 1031 1027 1080 meminerunt,
1058 1046 1299 1086 componas,
1318 1042 1510 1074 constare
1525 1048 1588 1073 nr-

166 1092 301 1130 bitror
319 1091 462 1130 θυείαν
483 1097 524 1127 et
542 1089 654 1141 ϊγδην
677 1086 785 1125 nihil
802 1100 971 1139 prorsus
991 1086 1168 1128 differre.
1201 1089 1280 1127 alia
1301 1098 1436 1130 tamen
1461 1090 1587 1129 ratio-

163 1147 217 1186 ne
238 1144 348 1198 apud
369 1145 583 1183 Romanos
605 1145 850 1181 mortarium
876 1152 918 1181 et
938 1144 1048 1194 pila,
1074 1158 1199 1198 *quae-⁷
1215 1144 1382 1197 quidem
1409 1154 1606 1198 utreque,

164 1218 253 1242 vox
281 1199 506 1254 respondet
533 1199 576 1237 in
601 1199 759 1238 Glossis
777 1202 826 1255 τῇ
844 1200 955 1255 ἴγδῃ·
986 1207 1124 1238 errant
1143 1200 1254 1239 enim
1271 1200 1359 1248 ini,
1392 1200 1465 1254 qui
1481 1201 1583 1253 quin

164 1274 238 1311 pro
259 1271 341 1295 una
368 1269 527 1308 semper
546 1254 769 1306 eademque
789 1268 832 1293 re
859 1257 1100 1293 mortarium
1122 1256 1266 1305 etpua
1287 1255 1582 1309 ponisolesnt,

163 1311 344 1352 dubitari
375 1325 460 1350 non
491 1324 612 1363 posse
640 1307 856 1348 affirmant.
895 1323 987 1347 nam
1007 1309 1218 1349 verissima
1237 1319 1302 1350 est
1320 1324 1462 1350 eorum
1483 1325 1582 1351 sen-

162 1369 307 1418 tentia,
339 1367 411 1421 qui
434 1366 476 1404 in
500 1366 585 1419 pila
603 1364 723 1403 tundi
743 1363 918 1417 aliquid,
935 1365 978 1402 in
991 1364 1195 1404 mortario·
1208 1365 1381 1406 terendo
1392 1367 1580 1406 confrin-

161 1426 203 1480 gi
222 1434 264 1464 et
285 1421 421 1462 minui
448 1429 695 1460 statuerunt.
739 1419 916 1457 Ovidius
942 1420 982 1457 in
1005 1421 1125 1461 Ibin:

324 1480 430 1524 Aut,
460 1487 505 1516 ut
526 1475 819 1520 Anaxarchus,
846 1477 940 1526 pila
962 1478 1164 1515 minuaris
1183 1479 1362 1519 irs-alta:

159 1536 208 1576 sd
228 1549 347 1591 quem
371 1536 508 1572 locum
535 1532 658 1570 Vetas
677 1531 937 1582 scholiastes,
967 1531 1124 1571 citante
1145 1534 1338 1586 Menagio
1356 1532 1408 1573 ad
1425 1535 1581 1587 Dioge-

160 1596 226 1631 n1's
249 1590 569 1637 Anaxarchum,
600 1587 657 1626 ita
678 1596 1012 1630 commentatum.
1028 1589 1306 1628 Anaxarchus·
1323 1592 1368 1628 in
1384 1593 1580 1630 mortario

155 1650 314 1700 positus
334 1645 435 1696 suit,
467 1652 507 1683 et
524 1646 634 1681 sicut
653 1645 792 1694 sinapi
806 1645 1022 1693 contritus,
1052 1642 1125 1681 nbi
1145 1644 1181 1682 si
1203 1645 1442 1683 mortarium
1461 1645 1579 1684 adhi-

159 1703 298 1743 buerit
318 1715 394 1753 pro
414 1700 516 1753 pila,
545 1700 588 1737 in
608 1712 688 1752 qua
711 1699 916 1737 minutum
941 1699 1239 1738 Anaxarchum
1263 1700 1436 1740 Ovidius
1455 1700 1576 1751 dixit,

157 1757 349 1812 equidem
374 1755 524 1795 fecisse
544 1757 650 1793 male
668 1752 896 1793 censendus
913 1763 989 1804 est,
1017 1763 1087 1793 aut
1102 1754 1238 1793 saltim
1258 1755 1433 1795 liberius
1446 1770 1492 1795 ac
1505 1771 1578 1810 par

157 1824 220 1853 est
240 1827 381 1853 vocem
402 1813 517 1850 illam
541 1823 776 1862 usurpasse.
798 1809 900 1848 alias
917 1809 1145 1849 rectissime
1162 1811 1354 1862 profecto
1373 1812 1576 1851 Anaxar-

155 1871 275 1909 chum
289 1869 331 1906 in
351 1866 549 1906 mortario
561 1864 786 1904 contritum
799 1864 936 1919 inquit
950 1865 1059 1903 sicut
1069 1865 1216 1917 sinapi.
1242 1878 1451 1920 nunquam
1464 1866 1574 1906 enim

155 1927 199 1964 in
225 1924 311 1978 pila
329 1922 483 1975 sinapi,
503 1920 572 1960 sed
586 1919 632 1958 in
643 1919 839 1959 mortario
851 1920 1152 1960 conterebatur.
1185 1919 1334 1960 Graeci
1356 1934 1457 1960 vero
1482 1935 1575 1961 cum

155 1981 206 2020 de
238 1978 491 2018 Anaxarcho
519 1979 772 2029 loquuntur,
811 1989 933 2029 quam
950 1977 1086 2027 pilam
1107 1975 1304 2026 Ovidius,
1330 1979 1575 2016 mortarium

153 2036 352 2088 antiquus
372 2033 626 2073 Scholiastes
647 2031 899 2083 appellavit,
927 2028 1050 2084 ὅλμον
1071 2030 1237 2079 dicunt,
1268 2044 1352 2084 quo
1369 2029 1421 2071 de
1439 2033 1574 2085 Hesy-

153 2093 292 2130 chium
327 2089 447 2129 vide:
492 2087 662 2124 Gloseae
689 2089 931 2125 mortarium
958 2097 1000 2127 et
1026 2088 1162 2138 pilum
1190 2083 1312 2138 ὅλμον
1341 2098 1572 2138 exponunt.

151 2160 278 2202 porro
305 2145 357 2185 de
380 2145 464 2196 pila
494 2151 534 2182 et
558 2140 756 2180 mortario
783 2142 968 2180 Isidorus
988 2141 1152 2196 egregie
1174 2141 1332 2194 Origin.
1351 2141 1426 2180 IV.
1447 2156 1480 2183 c.
1511 2157 1571 2186 ιι.

150 2203 221 2240 ubi
249 2216 291 2241 se
313 2201 414 2239 satis
441 2198 547 2239 bene
571 2197 794 2236 discrimen
814 2197 1033 2250 utriusque
1058 2196 1174 2235 voci·
1195 2196 1352 2249 cepisse
1370 2197 1569 2250 ostendit,

149 2269 190 2298 et
215 2256 404 2310 pluribus
424 2254 468 2293 in
493 2253 599 2293 locis
621 2251 854 2290 Scribonius
863 2252 1030 2303 Largus
1049 2252 1091 2289 iu
1105 2249 1274 2291 eandem
1293 2264 1375 2290 rem
1396 2265 1573 2291 consen-

149 2314 229 2364 tit,
266 2322 315 2351 ut
341 2309 582 2350 observavit
609 2306 786 2360 perbene
809 2306 885 2346 Vir
902 2306 1183 2346 Doctissimus
1202 2307 1290 2350 Ioh,
1313 2306 1498 2345 Rhodius
1517 2309 1569 2347 ad

154 2370 288 2419 Comp.
314 2367 426 2406 cxl.
460 2364 539 2404 Sed
558 2362 684 2402 sicuti
703 2361 791 2401 fieri
808 2364 929 2409 solet,
959 2370 1007 2400 ut
1026 2370 1223 2415 cognatae
1243 2361 1569 2415 significationis

148 2436 273 2462 voces
299 2421 538 2474 saepissime
557 2416 884 2469 confundantur,
911 2417 970 2457 ita
989 2427 1032 2457 et
1049 2431 1127 2456 usu
1147 2417 1319 2456 venitin
1344 2417 1436 2456 istis
1448 2418 1587 2458 utris·⁴

148 2492 241 2531 que.
278 2491 371 2515 nam
399 2475 542 2530 negari
562 2483 671 2513 certe
697 2473 868 2526 nequit,
902 2473 1005 2526 quin
1027 2475 1197 2511 alterum
1216 2471 1441 2526 aliquando
1463 2476 1571 2514 alte-

147 2534 233 2572 rius
256 2541 496 2583 usurpstum
517 2529 571 2569 sit
592 2532 699 2569 loco.
723 2529 766 2567 in
795 2528 952 2568 Glossis
970 2537 1078 2567 certe
1099 2526 1185 2578 ubi,
1208 2537 1253 2567 ut
1270 2527 1464 2580 diximus,
1487 2529 1568 2569 fre.
