1690 2996
145 42 253 86 1520
778 41 832 84 X.
888 43 954 86 75.

145 155 378 206 Excerpta,
419 165 525 206 quae
563 166 662 205 prae
697 168 740 193 se
778 154 919 194 ferunt
946 151 1199 206 Φερεκράτης
1234 155 1276 197 ἒν
1302 155 1570 198 Μειαλλεῦσι;

148 210 273 248 istius
292 208 390 248 libri
408 209 542 247 virtus
564 219 606 247 et
627 211 881 262 praestantia
903 209 1093 262 pluribus
1109 211 1151 249 in
1174 210 1282 249 locis
1303 211 1471 264 cognita
1496 226 1570 250 no·

149 266 214 304 bis
233 274 275 304 et
293 273 493 318 spectata,
523 265 743 318 praecipue
765 281 856 304 cum
878 266 1107 305 fabularum
1130 266 1279 303 titulos
1299 280 1348 304 ex
1370 281 1419 304 eo
1440 267 1572 305 resti-

150 320 307 359 ruimus
335 318 562 372 aliquando
587 320 631 358 in
662 321 966 374 superioribus,
1007 331 1049 362 et
1080 334 1204 374 porro
1236 321 1500 360 restituemus
1525 322 1569 360 in

151 375 439 429 sequentibus,
470 374 571 413 huic
600 377 822 415 maximum
853 391 903 417 ex
932 377 1012 416 hoc
1038 377 1203 430 pondus
1234 374 1416 428 accedit,
1457 376 1571 430 quod

153 431 198 469 in
237 430 424 484 antiquis
450 430 742 471 Grammaticis
764 433 1029 471 Pheres-ratis·
1047 432 1197 470 fabula
1225 433 1450 480 Μεταλλεῖς
1486 446 1572 471 non

152 500 244 526 raro
266 485 506 534 advocetur.
538 486 607 526 eui
635 486 754 527 fidem
782 487 944 528 abunde
971 487 1099 527 faciet
1122 489 1327 526 Meursius
1356 487 1400 524 in
1422 488 1575 526 Attica

154 543 431 581 Bibliotheca.
439 552 676 594 ..praeterea
699 543 828 598 ipsam
859 543 1011 582 Comici
1027 543 1167 597 χρῆσιν
1197 541 1305 581 idem
1336 543 1406 581 ille
1429 541 1575 582 Codex

155 598 216 637 sic
235 597 365 636 habes
379 597 651 649 emendatius,
685 613 748 638 me
778 598 943 652 quidem
978 599 1136 638 iudice:
1169 596 1346 646 Ῑζύλικας
1373 601 1480 641 οἴνου
1509 599 1577 650 με’-

156 658 276 701 λανος
294 662 371 692 eto.
393 666 533 717 neque
554 667 651 692 vero
672 653 846 693 aliorum
869 654 1064 707 pertimui
1089 652 1260 700 iudicia,
1292 653 1365 706 qui
1393 653 1436 691 in
1456 663 1576 693 textu

158 723 221 748 me
239 706 470 761 reposuisse
491 718 641 748 temere
669 712 896 761 culparent,
938 707 1140 762 siquidem
1171 708 1242 749 illa
1273 708 1400 748 lectio
1437 723 1507 748 sua
1535 723 1578 749 se

159 762 418 803 commendet
444 774 673 804 venustate.
714 775 894 804 attamen
926 765 1116 803 maluerit
1148 764 1242 816 quis
1273 764 1451 803 forsitan
1481 768 1577 804 vul-

160 830 311 874 gatam,
343 831 528 872 quocum
562 819 634 857 illa
669 819 720 859 de
748 834 792 859 re
823 833 907 858 non
941 819 1144 873 litigabo,
1182 819 1372 872 quamvis
1403 822 1577 860 alterum

159 874 419 914 multimodis
441 876 713 926 praeplaceat.
771 875 888 914 Haec
907 875 1104 913 universa
1126 874 1162 912 si
1181 873 1373 928 colligam
1405 884 1447 913 et
1473 889 1579 914 con-

162 929 342 970 sidetem
361 929 575 980 attentius‚
609 943 713 982 quae
733 930 776 968 in
803 930 1204 981 Falckenburgianis
1222 929 1454 980 Excerptis
1465 939 1582 971 extat

160 985 302 1031 lectio,
334 987 419 1024 sola
440 998 534 1023 vera
559 984 727 1024 videtur
745 995 787 1025 et
817 985 1002 1040 integra;
1032 985 1215 1038 illosque
1234 987 1460 1033 Μεταλλεῖς
1489 1000 1581 1024 cum

163 1042 264 1080 olim
286 1039 448 1078 librarii
471 1040 718 1094 compendio
737 1041 999 1094 scripsissent
1021 1041 1097 1079 illo
1117 1040 1242 1079 modo
1261 1045 1439 1082 Metan-
1463 1039 1582 1095 dege·

163 1109 327 1135 nerasse
344 1095 538 1135 exlstimo
562 1096 606 1134 in
635 1097 835 1146 Πετᾰλην,
873 1096 1054 1135 fabulam
1087 1096 1197 1134 illam
1233 1094 1398 1150 quidem
1428 1096 1584 1136 Phere-

163 1154 305 1201 cratis,
334 1149 405 1190 sed
427 1164 548 1204 quam
572 1166 657 1192 non
682 1152 876 1192 adhibuit
895 1152 976 1192 hoc
1005 1154 1101 1191 loco
1123 1153 1289 1193 Pollux.
1335 1150 1413 1191 hos
1440 1153 1585 1205 itaque

150 1222 257 1245 cum
275 1206 527 1246 restituerim
548 1208 590 1246 iu
615 1208 798 1248 Pollae-eo
833 1217 1048 1256 contextu,
1089 1220 1172 1245 uon
1204 1205 1248 1245 id
1276 1220 1396 1260 aegre
1427 1209 1583 1246 laturos

164 1272 270 1314 puto
292 1261 479 1301 eruditos
500 1261 706 1310 homines,
737 1264 808 1317 qui
834 1278 876 1303 se
893 1263 1017 1303 facile
1051 1260 1209 1300 dabunt
1235 1261 1385 1314 optimi
1411 1261 1583 1302 Codicis

165 1317 280 1360 fidei.
336 1319 563 1368 Μεταλλεῖς
582 1328 716 1359 autern
742 1318 854 1358 unde
883 1318 1000 1357 tituli
1028 1331 1191 1357 causam
1219 1317 1306 1356 sint
1337 1317 1465 1365 nacti,
1497 1333 1582 1357 non

166 1373 301 1411 habeo
331 1373 498 1424 penitus
529 1383 806 1427 compertum:
845 1374 1021 1412 forsitan
1047 1387 1069 1411 a
1095 1372 1326 1425 μεταλλείῖσι
1356 1386 1584 1438 eorumque

165 1427 404 1467 furacitate.
436 1427 614 1467 babebat
633 1429 742 1468 enim
770 1429 911 1468 Attica
929 1429 1042 1482 regio
1064 1428 1198 1467 varias
1227 1428 1388 1481 argenti
1407 1438 1448 1467 et
1478 1430 1584 1469 aeris

155 1482 356 1533 fodinas,
395 1483 440 1522 in
475 1484 626 1539 quibus
666 1484 712 1524 hi
746 1483 1040 1552 operabantur:
1081 1483 1304 1534 Xenophon
1331 1484 1375 1521 in
1409 1482 1584 1538 Πόροις·

167 1537 239 1578 sed
258 1539 332 1577 alii
355 1539 498 1579 melius
521 1541 793 1580 constituent.
855 1535 975 1588 Χώνη
999 1538 1043 1577 in
1073 1538 1228 1578 Glossis
1259 1538 1585 1589 Infundibulum.

276 1594 300 1635 ὁ
321 1594 467 1643 σάκκος
486 1595 580 1649 etc.]
613 1596 658 1637 C.
681 1595 732 1637 V.
755 1613 774 1638 ο
795 1613 925 1647 σακος,
958 1592 1141 1647 υλιστηρ·
1172 1595 1216 1632 in
1238 1593 1399 1632 Gloesis
1418 1604 1480 1634 est
1497 1610 1587 1635 sac-

169 1663 242 1688 cus
268 1652 482 1698 vinarius,
522 1665 664 1717 posses
707 1651 845 1691 dicere
882 1662 923 1691 et
948 1652 1084 1690 colum
1111 1651 1341 1700 vinarium,
1378 1650 1445 1689 uti
1475 1651 1587 1705 apud

169 1705 310 1754 letos,
343 1704 476 1744 colum
493 1710 712 1747 nivarium.
752 1707 942 1749 Kutmv

279 1760 302 1803 o‘
320 1760 463 1811 σάκκος
481 1763 574 1814 etc.]
606 1763 701 1805 MS.
733 1761 870 1811 σοι’κος,
909 1777 994 1802 uno
1025 1774 1074 1804 κ’
1112 1769 1161 1800 ut
1190 1770 1232 1800 et
1261 1774 1384 1814 supra
1413 1760 1589 1837 habehat

169 1816 262 1857 MS.
286 1817 361 1868 VI,
393 1832 450 1872 ¹9·
473 1822 599 1871 vulgo
622 1819 731 1858 enim
750 1818 792 1857 id
810 1818 870 1857 ibi
893 1818 1102 1859 omissum.
1159 1815 1283 1857 IUNG.

281 1876 351 1914 καῖ
368 1873 394 1915 o‘
411 1872 602 1940 ὕλιστήρ]
636 1876 767 1926 Supra
789 1874 1107 1928 V1‚19.Snn.

279 1928 383 1970 Ἱππ
403 1932 447 1971 δὲ
465 1946 507 1981 φ
531 1930 664 1982 ὥσπερ
685 1929 789 1981 ε’κτρ
811 1929 860 1980 6.]
882 1928 928 1968 C.
951 1929 1002 1970 V
1023 1931 1145 1979 φησιν
1165 1922 1373 1976 στάζουσιν
1393 1943 1530 1982 ωσπερ
1549 1930 1590 1978 ἐς

171 1981 359 2036 τροπηίον
379 2001 508 2033 σακος,
540 1985 617 2039 leg
641 1982 871 2037 ἐκτροπηϊον
892 2001 928 2026 σ.
944 1986 1103 2022 stillent
1122 1987 1183 2021 uti
1202 1997 1362 2034 sagum,
1395 1997 1471 2035 quo
1491 1999 1591 2035 vap·

168 2056 283 2091 pam,
313 2054 419 2094 quae
434 2043 641 2096 ἔκτροπιάς
657 2040 823 2091 dicitur,
839 2041 1070 2092 percolunt.
1088 2037 1215 2081 Salm.
1234 2041 1314 2094 leg
1331 2041 1592 2091 ἑκτρυποιών.

171 2098 350 2137 Kumm.
430 2135 432 2138 .

280 2151 386 2195 ⁸-er
407 2154 449 2194 δὲ
472 2169 513 2204 φ.
541 2152 673 2218 ὥσπερ
693 2153 792 2204 garp-
816 2151 876 2203 σ]
911 2150 1186 2202 Hipponactis
1204 2149 1340 2203 χρῆσις
1361 2150 1507 2189 mutila
1528 2160 1592 2190 est

176 2210 328 2261 vulgo·
359 2208 450 2247 MS
470 2209 527 2246 ita
548 2205 750 2256 στάζουσιν
768 2222 903 2263 ωσπερ
920 2203 1149 2260 ἰστροπῆϊον
1175 2204 1308 2254 σάκος·-
1356 2204 1425 2244 Sic
1451 2205 1592 2259 itaque

178 2264 405 2303 versiculus
426 2263 587 2316 integer
606 2263 760 2303 fuerit·

443 2318 665 2368 Στάζουσιν
682 2318 813 2371 ὥσπερ
833 2319 873 2367 ἒς
889 2314 1075 2369 τροπήϊον
1090 2312 1225 2364 σάκος.

178 2372 292 2426 Quid
313 2370 496 2426 τροπήὶον
515 2376 644 2415 fuerit.
663 2388 759 2414 sane
781 2373 858 2412 tibi
884 2386 967 2411 non
1002 2372 1182 2426 explico.
1229 2370 1351 2411 Certe
1381 2374 1593 2423 vulgatum

175 2428 419 2480 ἐκιροποιϊόν
436 2430 544 2469 nihil
567 2441 668 2482 puto
691 2443 789 2471 esse.
826 2427 936 2467 Illud
959 2441 1057 2466 saue
1077 2442 1145 2466 vas
1166 2426 1333 2466 videtur
1357 2427 1488 2464 fuisse
1509 2441 1593 2479 quo

177 2486 419 2535 utebantur,
451 2485 617 2540 quando
637 2499 755 2526 sacco
778 2484 922 2524 vinum
955 2491 1190 2524 castrarent.
1246 2481 1522 2521 Illustrabunt
1551 2481 1595 2520 id

874 2560 910 2592 ..a
