1690 2996
180 117 285 158 1⁵58
812 115 865 154 X.
923 118 989 159 85.

180 233 353 264 veteres.
411 222 649 262 Herodotus
678 233 826 264 auctor
854 225 1183 279 gravissimus'in
1207 229 1374 267 Homeri
1401 226 1488 267 vita
1506 239 1607 265 nar-

180 288 266 331 rat,
296 278 445 332 figulos
475 279 673 332 quosdam
702 279 866 321 Samios
898 283 1121 320 Homerum
1141 283 1252 320 forte
1275 292 1604 334 praetereuntem

181 333 231 375 ad
254 348 297 373 se
315 347 507 382 vocasse,
539 343 580 372 et
600 334 650 372 ab
673 349 747 384 eo,
778 349 868 375 cum
890 337 1119 400 sapientem
1141 337 1256 375 illum
1277 351 1365 376 esse
1383 337 1605 391 cognovis-

182 399 298 438 sent,
330 389 503 442 petiisse
521 419 533 439 ,
564 390 749 443 praemio
768 391 987 443 promisso,
1019 402 1065 430 ut
1084 391 1166 430 sibi
1189 406 1350 432 carmen
1374 393 1606 456 ..κίοσι-εις

180 445 464 497 composuisse
489 455 576 483 tum
607 459 655 486 ac
687 446 888 486 cecinisse
907 447 1126 486 Homerum
1153 447 1224 486 illa
1260 447 1466 500 car-mina,
1497 461 1603 501 quae
1645 478 1655 484 .

177 510 386 539 vocantur
403 498 597 552 Κάμινος.
626 501 799 540 istorum
827 503 985 555 primus
1005 512 1066 542 est
1089 503 1159 541 ille
1177 503 1430 542 versiculus.
1459 506 1516 545 Εἰ
1530 503 1603 556 μὲν

177 554 327 599 δώσετε
339 556 504 607 μισθόν,
517 554 655 602 ἀείσω,
674 554 707 596 ὦ
724 562 929 609 κεραμῆες·
945 572 996 597 ex
1015 571 1100 611 quo
1114 566 1222 598 certe
1239 556 1382 596 lucide
1403 571 1603 611 apparere

180 611 360 652 arbitror
388 611 553 651 titulum
582 612 706 651 istius
732 613 927 652 carminis
957 627 1043 652 non
1071 613 1208 651 minus
1233 612 1495 652 commodum
1514 627 1602 654 esse

175 668 371 720 Κεραμῆς
401 681 522 720 quam
548 666 739 720 κάμινον,
782 667 894 721 quod
915 677 956 708 et
976 669 1064 720 ipsa
1095 668 1165 706 illa
1191 668 1394 707 Herodoti
1415 667 1600 708 nuntio

175 733 317 775 aperte
348 722 622 764 demonstrat.
661 723 791 776 magis
821 733 957 763 tamen
988 722 1041 762 ad
1069 722 1151 762 hoc
1180 722 1505 762 existimandum
1534 736 1600 762 me

174 788 336 829 movet,
367 778 478 830 quod
498 778 576 818 iste
596 779 822 817 versiculus
848 778 1030 832 integer,
1061 791 1181 831 quern
1199 792 1251 816 ex
1274 778 1449 817 Hesiodi
1462 784 1599 832 Κερα-

173 835 290 888 μεῦσι
310 833 507 887 producit
530 834 678 874 Pollux
700 843 861 884 noster,
893 834 937 871 in
961 835 1043 872 isto
1062 835 1232 871 Homeri
1250 839 1439 886 pofimate
1466 847 1599 887 pauca

174 889 331 942 oppido
371 888 608 928 differentia
635 890 878 942 reperiatur.
919 888 1068 927 tertius
1106 898 1167 927 est
1193 887 1243 926 ab
1270 888 1414 928 initio.
1449 888 1522 927 sed
1552 898 1600 927 ut

173 959 256 983 rem
282 958 444 983 omnem
470 945 638 984 facilius
668 954 710 984 et
736 943 974 998 expeditius
1000 957 1242 998 pernoscas,
1272 942 1343 983 hic
1371 943 1599 984 versiculos

171 1000 275 1039 istos
299 999 476 1039 habeto·

385 1130 582 1148 uuuuu

337 1187 383 1231 εὖ
402 1189 443 1232 δὲ
458 1193 696 1242 μελανθεῒεν
716 1193 874 1234 κότυλοι
893 1194 962 1233 καὶ
981 1188 1109 1233 πάντα
1129 1187 1231 1244 μά).
1253 1192 1334 1244 ἱρά.
1361 1199 1443 1230 etc.

169 1280 262 1332 Ego
285 1292 377 1317 cum
403 1278 505 1318 haec
531 1278 803 1318 ostendissem
822 1279 913 1318 viro
937 1277 1099 1317 cuidam
1122 1277 1373 1317 amicissimo
1392 1285 1435 1316 et
1458 1250 1595 1320 etudi-

169 1334 358 1378 tissimo.
389 1348 475 1372 non
505 1334 696 1374 dubitare
726 1349 770 1374 se
790 1349 885 1373 mox
915 1332 1165 1385 affirmabat,
1208 1333 1311 1385 quin
1347 1331 1456 1372 idem
1486 1341 1596 1372 esset

171 1390 400 1429 versiculus
420 1389 500 1428 iste
538 1390 648 1442 apud
669 1390 924 1429 Herodotum
943 1391 1116 1428 Homeri
1135 1398 1177 1428 et
1199 1387 1272 1427 hic
1291 1387 1467 1427 Hesiodi
1484 1386 1596 1440 apud
1651 1408 1662 1411 2
1679 1391 1682 1394 ’

168 1446 380 1485 Pollucem
416 1455 616 1487 nostrum.
682 1445 762 1485 Sed
800 1445 850 1484 de
884 1446 966 1484 isto
1012 1446 1249 1497 περαιθεῖεν
1283 1453 1326 1483 et
1359 1446 1596 1496 μελαυθεῖευ

168 1511 306 1539 utrum
327 1500 448 1539 alteri
468 1501 524 1539 sit
543 1501 907 1554 anteponendum,
932 1514 1018 1539 non
1046 1499 1237 1554 equidem
1267 1500 1502 1548 constituo,
1533 1499 1596 1538 sic

167 1564 404 1608 opportune
429 1565 651 1609 utrumque
670 1559 766 1596 loco
789 1556 1004 1596 convenit.
1034 1555 1199 1609 saepius
1226 1564 1362 1594 autem
1391 1569 1413 1593 a
1437 1555 1594 1593 Gram-

170 1613 340 1650 maticis
365 1611 584 1650 adnotatas
610 1626 699 1651 esse
726 1612 876 1650 binas
864 1626 908 1649 111
931 1612 1074 1665 aliquo
1094 1611 1310 1663 scriptoris
1326 1613 1423 1650 loco
1442 1610 1594 1650 lectio-

169 1681 268 1712 nes,
300 1681 470 1731 quarum
495 1677 762 1724 utrarumque
792 1668 956 1707 bonitas
975 1678 1016 1707 et
1037 1666 1288 1720 praestantia
1309 1675 1486 1706 mentem
1509 1665 1594 1704 ali-

165 1723 310 1773 cuius,
340 1722 376 1760 si
393 1724 497 1761 velit
522 1723 698 1777 eligere,
730 1724 773 1762 in
797 1723 928 1762 dubio
950 1723 1150 1771 retineat,
1186 1722 1320 1761 alibi
1307 1736 1390 1760 iam
1416 1721 1467 1759 ad
1488 1721 1592 1761 Pol,

162 1780 292 1818 luc‘em
328 1778 558 1817 observavi.
597 1779 826 1831 probavero
857 1788 993 1818 tamen
1019 1776 1422 1831 nepoevodeu.i11ud
1453 1786 1591 1816 autem

162 1831 263 1888 μα’λ,
282 1832 352 1886 ἱρα
375 1834 497 1873 futile
518 1844 580 1873 est
603 1844 729 1886 atque
751 1835 963 1887 ineptum;
994 1833 1105 1872 unde
1127 1834 1280 1872 factum
1310 1843 1360 1870 ut
1396 1831 1590 1884 improb·
1622 1838 1624 1840 ’

164 1888 291 1929 lectio
319 1889 502 1941 peiorem
538 1890 746 1942 pepererit
786 1890 1033 1930 versionem.
1071 1889 1165 1943 quis
1195 1889 1237 1926 in
1269 1887 1360 1926 istis
1387 1890 1508 1926 locus
1533 1888 1591 1926 sit

162 1947 308 1997 ἱεροῖς,
341 1947 478 1982 sacris
498 1947 735 1997 sanctisque
753 1946 889 1995 rebus,
921 1945 1124 1984 neminem
1145 1944 1452 1983 intellecturum
1475 1943 1590 1981 arbi-

167 2010 284 2049 tror,
312 2009 358 2038 ut
374 1999 445 2038 hic
463 2014 560 2039 sane
582 2001 684 2054 quin
710 2001 947 2054 reponenda
966 2002 1051 2039 sint
1074 2013 1294 2052 nasamone,
1320 1998 1492 2037 omnino
1515 1997 1590 2038 du-

163 2055 291 2094 bitari
333 2065 537 2107 nequeat.
595 2055 796 2107 κάναστρα
835 2071 932 2096 vero
970 2066 1052 2094 tam
1094 2055 1239 2094 fictilia
1275 2056 1447 2092 fuerunt
1487 2054 1588 2094 olim

163 2125 286 2166 quam
311 2125 334 2150 e
360 2108 518 2150 vimine
542 2114 687 2163 plexa,
728 2122 775 2150 ut
798 2112 944 2152 Pollux
976 2120 1133 2152 monet.
1171 2109 1419 2162 Hesychius.
1449 2107 1589 2152 Καφα-

162 2182 302 2219 στρον,
327 2166 533 2230 ὅστραιξον,
553 2165 743 2219 τούβλιον,
773 2169 928 2210 κανοῦν
957 2165 1120 2219 τρύβλια
1139 2179 1238 2205 sane
1259 2164 1420 2214 fictilia,
1452 2179 1589 2219 neque

161 2224 283 2262 aliter
314 2223 491 2275 exponit
516 2224 777 2262 Eustatlzius.
835 2223 912 2262 Sed
944 2224 1043 2261 satis
1065 2222 1107 2260 in
1131 2222 1208 2260 hac
1227 2235 1270 2261 re
1291 2220 1367 2259 diu
1393 2219 1588 2260 substiti-

163 2292 276 2328 mus3
301 2277 346 2316 id
380 2287 517 2317 tamen
545 2293 631 2317 non
662 2278 1029 2330 praetereundum,
1071 2277 1204 2315 virum
1236 2277 1429 2315 iuvenem
1464 2276 1588 2330 inge-

162 2334 444 2373 niosissimum
471 2335 735 2385 Berglerum,
767 2334 841 2387 qui
863 2334 1073 2373 Polluceos
1091 2331 1257 2370 Indices
1278 2345 1396 2394 quam
1419 2344 1586 2370 accura-

162 2390 322 2428 tissime
345 2389 644 2437 concinnavit,
674 2390 717 2427 in
741 2389 911 2429 eandem
934 2389 1046 2427 illam
1067 2401 1226 2426 mecum
1247 2386 1491 2438 opinionem
1514 2387 1586 2424 in-

162 2443 312 2483 cidisse
340 2444 390 2482 de
424 2444 506 2484 hoc
535 2445 712 2483 Hesiodi
742 2445 972 2501 versiculo,
1015 2457 1135 2497 quam
1173 2442 1361 2494 pluribus
1394 2441 1584 2495 exposui.

160 2500 292 2551 [Haec
323 2500 568 2553 scripseram
591 2500 635 2539 in
651 2500 780 2554 prima
805 2509 902 2540 nota
917 2532 929 2552 ‚
960 2513 1063 2553 quae
1086 2499 1225 2537 nescio
1253 2511 1337 2551 quo
1356 2507 1478 2550 pacto
1499 2497 1585 2535 sint
1648 2516 1651 2518 ·

159 2556 352 2608 rescissa,
381 2570 518 2610 neque
537 2556 651 2610 typis
673 2565 998 2610 repraesentata.
1045 2554 1201 2594 Oculos
1234 2567 1311 2607 ego
1331 2554 1455 2605 forte,
1478 2552 1581 2604 ‘dum
