1656 2976
154 115 261 158 1852
751 108 805 150 X.
865 113 955 153 180.

154 221 344 261 Pollucis
369 217 512 273 fidem,
540 232 588 259 ac
613 218 648 269 si
670 219 893 260 memoriae
912 219 1042 272 vitio,
1072 233 1146 260 seu
1163 218 1304 260 nescio
1318 231 1399 272 qua
1419 218 1498 258 alia
1517 216 1569 257 de

155 290 277 317 causa
301 274 500 328 deceptus
527 288 673 314 vocem
699 277 810 314 nulla
839 275 1051 318 suffultam
1074 275 1324 315 auctoritate
1338 273 1410 313 hic
1427 273 1570 313 intru-

149 333 297 382 sisset,
326 330 551 383 praecipue
577 344 670 369 cum
700 330 774 370 illa
796 331 962 372 notatio
980 329 1058 374 α’πό
1077 333 1155 373 τῶν
1178 330 1401 383 masmim
1416 330 1568 382 μέτρων

151 384 432 440 ὦνομασμὲνον
457 385 560 424 mihi
592 385 802 426 videretur
831 387 1019 427 insolens
1041 395 1084 428 et
1108 386 1226 427 mira.
1255 383 1327 425 sed
1345 383 1489 423 durius
1506 393 1570 429 est

151 443 197 483 id
220 444 327 483 velle
354 440 541 494 opinari,
571 455 662 480 cum
683 441 860 494 plurima
882 443 1141 496 reperiantur
1159 441 1204 481 in
1225 442 1406 481 Auctore
1425 449 1567 478 nostro

152 497 290 548 verba,
322 510 425 551 quae
445 498 557 535 solus
570 511 622 536 ex
635 497 902 551 antiquitatis
920 498 1054 537 ruinis
1067 496 1357 546 conservavit3
1387 493 1570 547 ideoque

149 555 217 595 vel
235 566 285 594 eo
307 552 477 592 nomine
502 566 578 590 nos
595 552 740 592 laetari
758 551 876 593 decet
891 585 903 607 ,
932 552 1046 607 quod
1067 567 1204 593 rerum
1221 565 1309 592 non
1329 550 1390 590 ita
1414 552 1570 603 vulga-

149 610 258 648 rium
277 617 319 648 et
344 606 560 653 obviatum
584 607 778 648 notitiam
810 623 867 649 ex
894 607 1313 662 Onomasticogmpho
1335 615 1483 646 nostro
1505 605 1568 643 in·

150 663 293 704 venire
316 663 458 703 liceat.
515 662 743 703 Phidoniae
761 678 859 703 vero
891 679 1104 704 mensurae
1129 677 1281 708 nomen
1301 671 1343 706 et
1361 662 1566 716 originem

146 718 303 759 habent
324 718 373 757 ab
394 718 645 773 Argivorum
668 733 762 774 rege
781 719 985 770 Plridone,
1012 733 1134 774 quem
1146 718 1269 760 etiam
1280 726 1441 772 reperta
1451 730 1567 755 num-

146 789 237 814 mos
263 772 441 813 cudendi
471 787 534 812 ars
562 773 820 813 nobilitavit.
862 774 912 814 de
942 789 991 815 eo
1017 788 1103 814 non
1125 770 1387 829 per-functori
1411 771 1568 810 dictum

149 840 211 870 est
232 843 254 869 a
277 829 399 868 nobis
412 829 462 868 ad
477 829 553 882 lx,
571 826 641 872 85.
670 829 816 883 ibique
826 831 1154 884 Integer-mannus
1178 843 1201 870 e
1218 828 1415 881 Strabone
1429 829 1565 867 Locum

146 884 361 939 produxit,
384 884 428 923 in
449 898 532 940 quo
552 888 628 926 τῶν
643 887 893 928 Φειδωνεὶων
912 887 1062 940 μέτρων
1079 884 1237 929 mentio
1258 883 1464 925 iniicitur.
1494 881 1568 925 sed

146 956 238 980 eum
271 939 321 979 ad
348 943 486 979 locum
510 955 572 980 me
592 939 751 981 dixisse
773 941 819 980 in
848 941 1085 982 memoriam
1099 939 1289 989 recurrit,
1321 938 1502 993 primum
1521 937 1566 975 in

143 996 282 1035 insula
306 995 465 1049 Aegina
486 995 705 1036 Phidonem
725 996 975 1049 percussisse
997 1010 1201 1037 nummos.
1229 1009 1317 1035 eam
1339 993 1392 1033 ob
1403 1007 1566 1032 causam

143 1066 231 1092 non
258 1049 493 1090 dubitabile
522 1060 606 1100 est,
648 1051 751 1106 quin
777 1052 944 1092 inventi
960 1051 1220 1093 nomismatis
1241 1049 1442 1096 honorem
1463 1049 1568 1103 qui-2

143 1106 235 1146 dam
253 1105 555 1161 Aeginensibus
576 1105 898 1161 adscripserint,
930 1122 1036 1162 quos
1064 1108 1175 1148 inter
1201 1107 1408 1148 Aelianm
1432 1104 1484 1146 V.
1509 1103 1564 1143 H.

142 1161 218 1203 lib.
235 1161 336 1202 XII.
367 1175 404 1203 c.
426 1173 487 1204 10.
518 1160 569 1201 ad
594 1176 713 1217 quem
738 1162 912 1203 videndi
931 1174 1031 1204 sunt
1048 1162 1335 1205 Eruditissimi
1348 1161 1564 1200 Commen-

142 1227 310 1259 tatores.
340 1217 506 1259 clariss.
526 1217 761 1258 Perizonius
777 1219 1005 1259 Ghronicon
1020 1220 1295 1258 Marmoreum
1311 1214 1504 1269 adduxit,
1518 1214 1565 1258 in

142 1286 228 1326 quo
252 1273 380 1313 Phido
398 1273 525 1314 etiam
545 1283 808 1327 memoratur,
837 1285 880 1316 et
900 1275 947 1315 in
970 1274 1135 1331 Aegina
1162 1285 1352 1321 nummos
1379 1271 1565 1326 signasse

138 1327 562 1438 Perhbiffizdbpbvov]
602 1381 647 1424 C·
673 1384 726 1428 A.
746 1384 886 1439 pergit
904 1385 972 1428 καὶ
988 1386 1220 1440 στέγαστρον
1235 1379 1263 1438 ἦ
1279 1381 1404 1437 πολλὴ
1424 1386 1564 1438 χρῆσις

138 1457 171 1483 τ.
192 1452 250 1492 σε,
271 1441 306 1482 δ.
325 1456 360 1493 τ,
381 1453 418 1481 σ.
433 1456 469 1495 2.
481 1436 534 1489 ὥς
550 1437 742 1494 Αἰσχύλος
759 1438 904 1484 ὀστέων
922 1455 980 1484 στ.
1036 1448 1179 1482 Κυω.
1552 1471 1555 1474 <

249 1548 295 1600 ὅς
309 1565 368 1599 τις
387 1549 534 1604 ἐθέλει]
564 1549 656 1593 ms.
675 1501 956 1606 εθέιοῇὃοέη

250 1602 296 1654 ὅς
312 1621 371 1654 τις
388 1607 536 1659 ἐθέλει]
565 1606 657 1648 MS.
679 1619 835 1659 noster,
863 1618 912 1648 ut
930 1608 1076 1656 seheri,
1090 1605 1198 1657 ὅστις
1215 1607 1345 1651 ἐθέλοι
1361 1603 1421 1650 οὗ.
1450 1608 1563 1648 que»

247 1661 382 1715 εἴπερ]
412 1662 493 1701 Pro
507 1664 610 1716 εἴπερ
627 1663 721 1706 MS.
736 1663 835 1719 ἤπερ
848 1677 859 1688 ·
890 1674 932 1704 et
949 1662 1208 1704 emendatum
1222 1657 1392 1715 οειῆπερ
1404 1675 1414 1686 ·
1446 1660 1562 1716 quod

136 1710 315 1813 {aar
337 1717 651 1814 f52¹2212550w32
675 1718 835 1815 Ἠ
864 1729 1309 1817 :imm
1325 1717 1562 1813 εἰη.

530 1805 540 1815 .
743 1793 774 1825 a,
921 1791 942 1814 r
990 1791 1034 1814 ce
1157 1818 1164 1822 ⁴
1318 1791 1334 1816 ι
1550 1815 1556 1826 ,

135 1787 370 1922 στέγασῖἱιορν
396 1829 552 1880 dicere,
589 1786 924 1883 que'qnadnwctium
944 1792 1064 1885 vzlgo
1083 1831 1334 1887 στεγαστρίδα
1347 1830 1560 1884 διφθέραν,

134 1894 214 1925 etc.
292 1900 385 1925 unc.

245 1941 355 1995 εἴπερ
381 1936 407 1993 ἦ
431 1957 473 1982 π.
494 1958 552 1995 χρ.
573 1941 677 1994 etc.]
710 1941 845 1996 Quam
867 1942 945 1982 sim
963 1942 1087 1983 MSS.
1106 1940 1311 1991 addictus,
1337 1953 1462 1979 nemo
1484 1938 1560 1992 qui

135 1995 188 2036 de
204 1995 307 2053 meis
325 1997 392 2036 vel
411 2010 542 2048 pauca
562 1997 710 2052 legerit
721 1998 915 2053 ignorare
927 2007 1080 2052 potest.
1107 1987 1560 2054 tunger-mumdum,

134 2050 306 2106 refingit
323 2065 375 2091 ex
394 2050 507 2106 ἥπερ,
535 2051 648 2106 quod
659 2067 745 2093 non
765 2063 878 2094 recto
893 2062 1080 2102 accentu,
1093 2063 1142 2094 ut
1152 2065 1274 2106 saepe
1292 2051 1352 2101 fit,
1376 2051 1419 2089 in
1430 2050 1558 2091 MSS.

134 2106 495 2161 fuitinsignitum.
521 2108 599 2159 lx,
617 2108 760 2150 ull-in
774 2109 954 2164 vulgatis
964 2107 1251 2162 εκῐεδατὸπερ,
1269 2105 1344 2147 ubi
1367 2106 1514 2145 melius
1534 2120 1557 2145 e

133 2162 256 2202 MSS.
270 2161 525 2203 reddidimus
534 2158 693 2220 ᾖπερ,εῑ
703 2163 885 2204 adducto
895 2165 1086 2205 Platonis
1094 2167 1191 2204 loco
1201 2162 1321 2202 istius
1330 2161 1558 2212 particulae

132 2217 379 2271 elegantiam
412 2219 685 2260 ostendimus.
731 2219 802 2269 hic
830 2220 957 2260 etiam
980 2219 1199 2260 commodo
1218 2217 1300 2273 legi
1312 2213 1411 2274 ᾗπερ
1432 2230 1556 2256 nemo

132 2271 354 2325 dubitabit,
383 2274 419 2314 si
439 2275 735 2329 langermanni
754 2276 992 2330 inspexerit
1011 2284 1167 2316 notam.
1196 2274 1389 2328 proxime
1409 2272 1559 2312 verita-

132 2337 214 2366 tem
239 2328 402 2368 accedit
426 2331 604 2370 Salmas.
634 2330 682 2369 C.
714 2331 758 2370 in
788 2345 872 2385 quo
893 2329 1012 2385 ὑπὲρ·
1050 2331 1163 2372 forte
1184 2343 1282 2370 vero
1307 2343 1358 2368 ne
1379 2327 1440 2366 sic
1457 2328 1557 2380 qni-

132 2381 224 2445 dem
242 2386 361 2423 locus
381 2384 427 2424 in
450 2385 658 2442 integrum
675 2396 737 2426 est
757 2386 989 2427 restitutus.
1031 2399 1155 2440 quam
1175 2384 1458 2426 enimvestem
1480 2397 1558 2422 co-

131 2451 309 2478 riaceam
331 2439 537 2497 intelligit
551 2442 729 2494 Auctorg
745 2457 837 2482 curn
851 2440 1074 2497 inquitrdv
1084 2439 1269 2483 σκύτινον
1283 2441 1429 2481 ’τοῦτον
1446 2441 1555 2492 zarai?

130 2492 215 2533 vot?
237 2507 341 2546 quae
351 2509 574 2550 saneqnam
588 2497 792 2537 orationis
808 2498 941 2538 forma
961 2497 1203 2537 usitarinon
1218 2497 1338 2545 solet,
1347 2494 1430 2534 nisi
1451 2493 1556 2549 quid

129 2549 420 2602 praecesserit,
462 2566 546 2606 quo
574 2552 712 2608 possit
738 2553 897 2596 referri.
935 2553 1072 2594 minus
1093 2560 1199 2595 esset
1215 2549 1488 2604 tenebrarum,
1515 2547 1554 2589 si
