1690 2996
721 75 773 114 X.
830 79 896 119 42.
1421 77 1526 119 1393

118 189 256 230 locun
279 185 396 240 παρά
421 203 462 230 τε
485 188 672 230 Φιλίστου
691 189 735 229 ἐν
761 186 809 242 τῇ
835 189 923 241 ἕκτῃ
941 183 1122 239 Σιμύλου
1141 185 1374 244 Μεγαρικῇ·
1393 198 1528 241 quae,

119 242 283 284 etiamsi>
300 243 384 282 levi
405 245 526 282 oculo
548 245 793 296 perlustrata
816 244 998 281 maculae
1022 256 1118 280 mox
1144 243 1422 295 suspicionem
1458 243 1529 280 in-

119 297 282 346 ibium,
319 299 506 338 fefellere
531 308 666 337 tamen
693 297 1016 336 eruditissimum
1040 300 1309 336 Maus-sacam
1337 297 1390 336 ad
1412 299 1529 338 Har-

113 361 277 406 μουσι-
295 366 388 407 pag.
409 351 499 393 263.
519 367 607 391 cum
635 352 685 392 de
708 354 860 404 Simylo
888 353 1077 404 loquitur
1108 353 1336 391 fabularum
1367 363 1527 394 actore:

116 406 272 460 Pollux,
302 408 455 463 inquit,
485 407 555 450 lib.
570 408 623 447 X.
647 422 733 461 cap.
754 406 791 447 8.
813 408 1037 445 Philistum
1052 406 1193 446 laudat
1218 410 1258 450 ἐν
1275 406 1323 458 τῆ
1339 411 1430 459 ἕκτη
1450 415 1529 452 Σι-

117 457 243 519 μύλον
272 464 496 520 Μεγαρικῇ.
559 465 631 502 An
662 463 710 502 de
735 463 866 501 eodem
896 463 1048 514 Simylo
1078 454 1526 516 hypocrita¹loqdatur‚

118 520 262 559 meio.
302 518 469 561 minime
499 532 593 558 vero
615 518 824 573 gentium3
854 531 960 568 nam,
987 526 1114 570 puto,
1151 517 1418 558 diversissimi
1437 521 1529 559 fue·

118 583 350 618 turstanus
367 573 438 614 ine
457 575 631 625 Simylus
661 583 702 612 et
725 573 795 627 qui
807 572 1110 626 Megarensium
1132 573 1312 625 posteris
1333 574 1527 615 historias

119 628 307 669 tradidit.
344 643 438 667 nam
462 630 690 667 Salmasius
710 628 835 667 animi
855 629 981 666 falsus
1012 637 1086 676 est,
1118 628 1189 682 qui
1211 638 1410 683 utrosque
1430 644 1529 669 con-

121 682 287 729 fuderit.
312 683 509 724 hicenim
524 684 573 724 de
585 684 755 730 fabulis,
774 697 872 738 quas
897 693 1011 733 actor
1024 683 1095 722 ille
1116 693 1157 720 et
1176 683 1354 723 scribere
1383 686 1530 737 potuit

120 747 162 779 et
180 738 340 790 docere,
368 742 479 779 nulla
507 739 554 778 fit
577 739 747 789 mentio,
786 737 858 778 sed
883 738 1082 777 historiae
1111 738 1367 791 Megaricae,
1407 740 1528 779 cuius

123 793 432 847 (imponendae
472 793 652 833 studium
693 794 807 834 abest
837 796 962 849 longe
995 793 1045 832 ab
1071 792 1528 847 istiusmodi·ingenio.

121 848 294 898 ,Ρήἰίἰειί
317 862 415 889 vero
444 863 536 888 cum
566 849 798 888 meminerit
830 848 907 899 hic·
926 850 1088 888 Auctor
1130 859 1288 899 noster,
1327 849 1530 903 illiusque

123 913 284 942 sextum
307 903 523 944 adduxerit
544 904 709 952 librum,
740 917 824 943 non
853 902 955 941 mihi
982 902 1154 942 dubium
1184 913 1266 953 est,
1305 905 1406 955 quin
1439 907 1531 944 eius

125 957 311 1002 Eanum?
328 971 422 1010 prae
442 959 573 998 oculis
592 958 796 1009 habuerit,
831 958 983 1010 quibus
1002 959 1072 998 ine
1090 969 1363 1012 persequutus
1391 961 1531 999 fuerat

123 1013 279 1054 Bellum
301 1013 350 1052 ab
370 1012 692 1053 Atheniensibus
715 1029 804 1052 cum
826 1013 975 1052 Siculis
1005 1022 1184 1066 gestum,
1226 1014 1343 1054 cuius
1371 1025 1412 1055 et
1437 1015 1531 1068 ipse

127 1069 265 1109 fuerat
299 1081 404 1122 pars.
471 1067 689 1121 Syracusis
721 1069 831 1117 fuit,
875 1068 1192 1107 Archimenidae
1222 1069 1353 1120 filius,
1395 1080 1442 1109 ut
1476 1085 1530 1109 ex

119 1125 344 1164 Pausania
370 1122 499 1162 didici
518 1124 590 1163 lib.
613 1124 661 1163 V.
684 1139 717 1164 c.
740 1123 802 1164 25.
836 1134 877 1162 et
898 1124 1123 1162 Plutarcho
1146 1124 1188 1162 in
1214 1125 1353 1167 Nicia.
1379 1126 1531 1165 Surdas
1579 1140 1582 1141 ⁷

125 1177 530 1232 habeth91oenidov·
566 1177 636 1219 sed
665 1179 781 1218 illum
814 1193 835 1218 e.
855 1178 1066 1218 Pausania
1095 1179 1404 1218 emaculandum
1436 1181 1531 1220 exi-

124 1234 263 1277 ntimo.
291 1235 400 1272 inter
418 1247 479 1284 ea,
512 1247 614 1287 quae
632 1235 804 1286 posteris
827 1235 1008 1285 reliquit,
1038 1237 1125 1288 περὶ
1139 1237 1357 1287 Διονυσιόῳ
1375 1236 1443 1278 τοῦ
1461 1254 1532 1277 τυ-

123 1286 430 1344 ράννου-βιβλία
467 1306 493 1336 ς
531 1299 821 1329 enumerantur
849 1303 871 1327 a
909 1290 1062 1336 saida,
1111 1289 1222 1342 quod
1261 1290 1530 1330 historiarum

123 1347 317 1385 volumen
341 1343 385 1382 iu
415 1345 552 1383 animo
582 1343 728 1383 habuit
744 1344 979 1383 Pausanias
1006 1344 1080 1383 lib.
1112 1345 1145 1386 1.
1176 1359 1211 1384 c.
1243 1344 1304 1385 14.
1336 1346 1406 1384 ubi
1429 1348 1530 1384 Plu·-

123 1399 269 1449 Iistum
293 1397 616 1452 flagitiosissima
656 1413 842 1454 quaeque
871 1401 1065 1449 Dionysii
1098 1400 1264 1451 tyranni
1302 1401 1531 1442 involvisse

125 1454 296 1497 silentio
329 1455 467 1494 refert.
541 1453 651 1495 Stilo
694 1455 824 1493 fuisse
869 1454 1028 1493 rudiori
1066 1464 1108 1493 et
1147 1455 1307 1495 inculto
1350 1456 1550 1508 videtur,·

126 1509 311 1564 quamvis
328 1509 462 1561 ipsum
485 1508 749 1550 historiarum
777 1509 963 1549 ordinem
996 1510 1047 1548 ad
1078 1509 1310 1551 rhetoricae
1339 1514 1532 1551 amussim

125 1565 283 1618 primus
305 1563 523 1619 digessisse
543 1566 676 1604 fertur
693 1575 815 1618 atque
838 1566 1132 1617 composuisse.
1182 1567 1373 1605 Timaeus
1391 1568 1546 1622 itaque.

126 1620 349 1662 Philistum
387 1633 601 1673 aggressus
641 1629 702 1659 est
743 1620 958 1660 ostendere
994 1618 1224 1664 παντάπασι
1258 1621 1441 1675 φορτικόν
1465 1626 1536 1665 καὶ

127 1671 306 1724 ἰδιώτην,
338 1674 516 1727 eiusque
549 1674 746 1717 διάλεκτον
769 1673 971 1724 εὐθύνειν,
1009 1677 1212 1716 referente
1237 1678 1462 1716 Plutarcho
1487 1679 1533 1718 in

125 1731 280 1771 Niciae
307 1729 530 1783 principio,
578 1741 620 1770 et
646 1731 874 1782 Hesychius
904 1730 1091 1784 equidem
1122 1745 1172 1770 ex
1204 1746 1253 1771 eo
1286 1733 1534 1773 vocabulum

127 1783 299 1827 adnotat
323 1782 590 1836 Μεσηρεῦειν,
626 1785 674 1828 τό
711 1787 935 1839 μηδετέροις
969 1789 1207 1840 συμμαχεῖν·
1251 1790 1455 1838 Φίλιστος·
1492 1798 1536 1829 et

126 1840 228 1881 alibi
245 1843 461 1893 βουβαρίδα
482 1839 532 1880 de
560 1855 705 1896 magna
731 1842 851 1892 navi;
886 1841 949 1880 sic
981 1842 1091 1880 enim
1128 1857 1176 1882 eo
1200 1846 1295 1882 loco
1325 1858 1535 1896 reponen-

128 1895 246 1946 dum3
272 1905 480 1949 nugantur
497 1897 623 1948 enim,
654 1907 694 1935 et
714 1910 736 1935 a
758 1896 887 1936 veteri
916 1897 1116 1950 scriptura
1139 1897 1311 1936 nimium
1334 1909 1536 1952 quantum

126 1949 336 2000 recedunt,
356 1951 441 2002 qui
473 1951 516 1988 in
547 1952 640 1992 istis
667 1951 718 1990 ad
759 1951 1054 1991 restituendam
1084 1953 1296 1992 Bubastim
1329 1955 1533 2008 cogitant,

129 2005 312 2058 quamvis
329 2005 445 2044 illius
462 2009 714 2047 mentionem
731 2006 842 2045 haud
862 2005 985 2046 dubie
1011 2009 1159 2046 fecerit
1187 2009 1230 2046 in
1252 2009 1535 2062 Aegyptiacis.

128 2059 248 2100 stilus
280 2059 351 2100 ine
373 2070 507 2099 tamen
530 2066 743 2114 paululum
766 2062 1035 2114 incomptior,
1067 2073 1108 2102 et
1123 2063 1170 2101 ab
1192 2065 1331 2104 Attico
1354 2063 1454 2103 flore
1477 2078 1538 2103 re..

127 2114 278 2166 notior
294 2115 418 2155 facile
436 2116 616 2156 Philisto
643 2117 941 2156 condonandus
965 2129 1041 2164 est,
1073 2119 1145 2171 qui
1163 2119 1374 2170 Syracusis
1406 2129 1538 2166 ortus,

129 2183 152 2207 a
171 2168 323 2210 Siculis
341 2184 461 2210 voces
480 2172 764 2225 loquendique
783 2172 948 2210 modum
978 2173 1130 2213 hausit.
1192 2176 1343 2225 Simyli
1371 2174 1537 2227 quidem

128 2221 334 2278 Megarica
352 2225 456 2264 mihi
486 2227 660 2266 necdum
691 2227 904 2273 adnotavi,
934 2228 1111 2268 citatave
1133 2228 1412 2269 commemini.
1454 2244 1540 2269 no-

126 2278 258 2330 minat
275 2289 408 2318 autem
425 2282 622 2333 Simylum
647 2283 818 2321 Poetam
838 2284 1091 2322 Plutarchus·
1127 2283 1170 2321 in
1199 2285 1385 2334 Romulo,
1416 2299 1540 2338 quem

131 2332 385 2387 ille'peuitus
415 2335 556 2390 inquit
586 2337 782 2386 delirare,
822 2352 914 2376 cum
939 2339 1133 2377 scriberet
1164 2341 1380 2389 Tarpeiam
1404 2334 1540 2394 virgi-

132 2398 222 2425 nem
244 2388 494 2441 Capitolium
518 2391 750 2444 prodidisse
774 2391 917 2434 Celtis.
954 2394 1067 2431 illius
1096 2403 1230 2432 autem
1266 2394 1342 2432 hac
1372 2395 1540 2447 quidem

132 2440 176 2478 in
198 2455 243 2480 re
264 2444 441 2496 graviter
463 2446 688 2486 aberrantis
709 2461 846 2486 versus
875 2448 934 2487 ibi
971 2449 1244 2487 comtissimos
1270 2449 1539 2489 Chaeronen-

132 2494 189 2533 sis
211 2496 280 2535 ille
309 2499 488 2552 profert;
526 2516 617 2541 cum
655 2501 736 2542 hoc
772 2517 869 2542 vero
900 2504 1028 2542 Poeta
1059 2517 1110 2541 an
1142 2505 1321 2556 Simylus
1349 2505 1433 2552 ille,
1465 2506 1540 2559 qui
