1690 2996
187 104 294 145 1846
807 104 860 144 X.
917 109 983 149 28.

183 212 322 279 adeon,
354 221 403 252 ut
432 227 576 266 scopas
596 213 902 270 intelligamus,
931 215 1099 257 favente
1126 218 1310 258 nominis
1342 218 1508 288 origine
1528 216 1608 263 aino

181 269 253 312 τοῦ
278 273 499 323 καθαίρειν.
557 270 626 310 De
657 274 938 325 καταρραίνειν
954 287 1052 312 vero
1075 287 1173 312 mox
1201 289 1327 329 segm.
1358 274 1424 316 52.
1462 277 1608 316 Noster

181 326 451 379 locupletius,
492 325 654 364 scilicet
679 340 786 380 aqua
819 327 932 379 prius
953 327 1072 368 aedes
1100 331 1321 385 conspergi
1340 329 1530 379 decebat,
1560 346 1608 371 ao

183 392 270 421 tum
311 381 473 420 demum
505 380 657 422 everri.
705 382 747 422 id
774 384 854 422 alia
886 384 989 423 fecit
1020 384 1063 422 in
1095 399 1137 424 re
1173 385 1366 424 atriensis
1395 385 1467 427 ille
1493 386 1607 439 apud

178 438 429 486 Phaedrum,
460 437 531 490 qui
555 436 720 477 hortum
746 438 1024 491 humectabat,
1055 455 1108 481 ne
1131 440 1194 479 ibi
1216 441 1476 486 ambulatum
1502 443 1607 482 Cae.

177 497 267 534 sari
281 493 430 558 pulvis
440 492 780 538 incommodaret.

290 548 338 591 τά
354 546 562 603 πρόσφορα
582 558 658 592 etc,
668 550 687 602 ]
717 551 784 592 Pr.
815 549 916 594 edit.
946 567 995 592 τα
1018 537 1231 617 πρόσφορα
1253 553 1295 594 δὲ
1313 548 1471 595 τούτων
1519 542 1605 594 Hic

179 616 316 646 autem
338 604 474 644 ordo
463 619 505 642 m
529 605 625 646 MS
653 607 823 662 εἴπωμεν
843 625 893 648 τα
915 605 1067 662 πρόσφ
1098 605 1217 661 τοὺιῳ
1235 626 1270 650 τ.
1326 608 1428 649 San.
1557 622 1560 626 ·

288 679 336 704 τα
364 654 581 713 πρόσφορα
610 670 688 703 etc.
700 666 716 711 ]
769 663 858 704 MS.
896 673 1039 702 noster
1073 662 1154 714 ita,
1191 672 1234 702 et
1261 677 1312 703 eo
1341 663 1489 706 ordine
1519 678 1603 721 qno

174 718 336 768 Seberi,
383 719 556 772 εἴπωμεν
587 734 636 759 τα
676 713 891 775 πρόσφορα
923 716 1046 773 τούτῳ
1077 719 1155 761 τῶν
1189 734 1361 770 autumn,
1401 722 1485 764 οἷον
1523 730 1602 761 etc.

171 774 399 813 IUNGERM.

284 833 483 884 εἴπωμεν,
523 829 608 871 οἷον
634 825 837 883 κόρημα.]
886 830 933 870 C.
965 830 1026 874 V.
1043 831 1203 884 εἴπομεν
1230 831 1334 877 οἷον.
1363 829 1410 874 τό
1434 828 1600 886 κόρημα.

168 889 350 927 ΚυΕΗΝ.

280 945 477 993 εἴπωμεν,
521 940 603 983 οἷον
639 938 831 994 κόρημα.]
888 941 983 981 MS.
1022 949 1167 980 noster
1181 940 1367 1009 plenius
1405 943 1602 1010 articulet

170 1011 289 1053 quem
319 997 557 1036 addendum
594 1007 721 1049 pum,
763 995 913 1037 habet:
950 997 1034 1040 οἷον
1068 1013 1112 1039 το
1143 994 1318 1052 κόρημα·
1353 1001 1531 1042 καλεῖται
1557 997 1602 1041 δ’

170 1054 271 1098 οὕτω
299 1063 375 1092 etc.
433 1055 554 1093 luxa.

282 1112 482 1163 ρῖπωμεν,
522 1109 603 1151 οἷον
633 1103 749 1162 adp]
783 1107 1014 1146 Interserui
1046 1107 1266 1147 articulum
1290 1126 1334 1151 το
1367 1108 1417 1149 de
1440 1108 1598 1149 Codice

170 1167 378 1205 Palatino
396 1175 438 1204 et
455 1165 670 1206 Vos-siano.
727 1162 807 1203 Sed
827 1163 872 1206 τό
889 1161 1045 1218 κόρημα
1062 1177 1138 1215 pro
1159 1166 1444 1219 purgamentis
1465 1165 1599 1204 Attici

170 1237 257 1262 non
287 1221 537 1268 admittunt,
568 1230 615 1259 ut
648 1219 844 1260 docemur
875 1220 925 1259 ab
947 1221 1112 1260 Atticae
1139 1222 1334 1272 loquelae
1365 1221 1587 1276 magistris,-

167 1292 244 1331 pro
279 1291 359 1332 qua
396 1287 533 1316 tamen
572 1274 883 1342 significatione
914 1285 1080 1343 pugnat
1105 1276 1406 1328 Aristophanis
1446 1287 1597 1317 aucto-

167 1334 290 1373 ritate
311 1334 478 1372 Pollux.
518 1333 773 1383 Hesychius:
807 1330 1001 1382 Κόρημα,
1030 1329 1245 1383 καλυτρον,
1273 1331 1299 1373 ὅ
1321 1349 1427 1382 τινες
1446 1331 1597 1388 σαρόν·

168 1388 239 1429 sed
270 1389 394 1436 bene,
427 1387 540 1441 quod
573 1387 728 1428 eruditi
751 1386 832 1426 viri
858 1387 1080 1427 restituant
1104 1384 1369 1440 κᾶλλυντρου·
1399 1387 1498 1428 inde
1525 1387 1595 1427 di-

166 1445 329 1484 minuta
355 1445 470 1483 vocis
494 1444 651 1496 forma,
683 1441 943 1511 κορημάτιον,
973 1445 1157 1494 scopata,
1183 1443 1227 1482 in
1251 1443 1382 1484 veteri
1409 1444 1596 1492 Onoma-

167 1503 287 1549 suco,
326 1500 514 1553 quamvis
540 1510 581 1540 et
606 1499 786 1539 ibidem:
826 1496 1017 1552 Κόρημα,
1057 1499 1185 1538 scobs.
1243 1498 1425 1549 Κόλακες
1452 1501 1594 1551 Eupo-

167 1557 268 1596 lidis
288 1570 515 1609 eorumque
545 1566 831 1610 argumentum
858 1555 1049 1608 superius
1071 1553 1121 1594 ad
1144 1553 1316 1594 initium
1338 1555 1438 1595 libri
1457 1569 1594 1608 expo-

166 1613 256 1663 sui,
286 1612 564 1680 videnturque
586 1611 725 1651 eadem
749 1612 820 1650 ina
845 1611 980 1675 verba,
1002 1624 1105 1665 quae
1125 1610 1196 1650 hic
1217 1621 1459 1660 occurrunt,
1488 1614 1593 1652 alter

166 1668 218 1708 ad
245 1645 421 1707 ’alterum
454 1664 603 1709 κόλακα
639 1666 806 1707 dixisse.
839 1676 879 1707 et
905 1667 1014 1707 enim
1047 1665 1098 1706 ad
1124 1666 1292 1706 servilia
1327 1681 1496 1721 quoque
1515 1668 1593 1706 ab-

165 1724 315 1764 iecisse
343 1738 386 1763 se
416 1722 458 1761 id
491 1724 709 1763 hominum
741 1737 897 1777 genus,
929 1732 977 1762 ut
995 1722 1139 1761 divitis
1161 1722 1339 1774 alicuius
1363 1732 1487 1776 atque
1505 1737 1591 1777 po-

165 1780 295 1819 tentis
325 1779 406 1818 viri
445 1780 617 1833 gratiam
649 1788 979 1832 aucuparentur,
1028 1788 1202 1820 constat.
1241 1779 1286 1817 in
1321 1779 1591 1830 Theophrasti

164 1834 486 1877 Characteribus
518 1835 630 1874 inter
659 1835 738 1873 alia
769 1834 995 1874 adulatoris
1025 1835 1142 1887 signa
1175 1842 1217 1872 et
1245 1833 1328 1873 hoc
1355 1844 1442 1883 est,
1474 1833 1590 1902 quod

160 1891 217 1930 sit
246 1887 382 1943 αμέλει
412 1893 454 1932 δὲ
486 1894 554 1934 καὶ
580 1909 629 1932 τα
655 1891 697 1932 ἐκ
728 1893 955 1945 γυναικείας
983 1889 1128 1945 α’γορᾶς
1156 1890 1389 1939 διακονῆσαι
1418 1885 1590 1940 dovurae

159 1946 371 1989 ἀπνευστί·
411 1946 454 1985 id
488 1947 679 2000 profecto
709 1946 896 2001 ingenuo
929 1946 1022 1986 viro
1055 1945 1290 2010 indignum,
1350 1946 1460 1986 Tum
1487 1959 1586 1986 vero

162 2002 214 2042 de
243 2002 358 2048 istis,
387 2001 521 2053 ὥσπερ
542 2005 584 2045 ἐν
604 2005 882 2058 Καλλιππίδῃ,
912 2001 1186 2056 peritioribus
1210 2000 1506 2055 inquirendum
1526 2016 1588 2042 re-

159 2059 323 2111 linquo,
353 2072 451 2096 num
474 2058 643 2097 fabulae
664 2072 814 2097 nomen
839 2059 893 2097 sit
913 2057 1208 2105 iudicandum.
1238 2057 1349 2111 quod
1371 2057 1408 2096 si
1426 2071 1586 2128 ²verum,

159 2123 205 2153 ut
226 2124 362 2154 tamen
385 2128 469 2152 non
490 2123 608 2166 puto,
640 2113 722 2152 hoc
745 2124 866 2166 pacto
885 2114 1028 2168 potius
1045 2102 1223 2153 scribas.
1253 2113 1306 2160 οἷς
1331 2113 1438 2156 καὶ’
1417 2131 1462 2155 εν
1481 2118 1586 2157 Καλ·

159 2172 348 2225 λιππίδῃ
386 2183 436 2208 au
469 2183 566 2209 vero
594 2169 710 2222 prius
740 2169 791 2207 ad
813 2169 1108 2233 Aristophanis
1126 2166 1265 2223 χρῆσιν
1283 2170 1354 2208 illa
1378 2168 1586 2221 pertinere

160 2215 366 2265 censenda
389 2226 492 2290 sint,-
518 2226 561 2263 in
584 2239 704 2278 quam
721 2225 968 2264 sententiam
987 2224 1219 2277 propendet
1238 2225 1415 2264 animus.
1454 2224 1584 2264 Porro

158 2283 374 2334 καθέζυμαι
393 2281 492 2320 edi
481 2282 674 2320 iussimus
696 2294 770 2332 pro
792 2283 964 2333 vulgato
984 2282 1223 2331 καθέξομαι,
1252 2279 1582 2342 obtemperantes

158 2339 479 2390 langermanno.
524 2346 565 2376 et
591 2336 680 2375 vidi
708 2335 828 2374 etiam
859 2349 945 2374 non
984 2336 1190 2374 neminem
1215 2333 1421 2376 eruditum
1448 2334 1584 2375 virum

156 2393 198 2430 id
227 2393 270 2431 in
295 2392 467 2432 Codicis
495 2393 560 2431 sui
589 2391 786 2455 margine
803 2399 984 2430 notasse.
1024 2399 1133 2430 certe
1155 2390 1215 2429 sic
1237 2390 1282 2428 in
1305 2389 1583 2428 Falckenbur-

154 2451 284 2502 glano
304 2447 462 2488 Codice
483 2447 676 2501 sequenti
697 2446 831 2500 capite
858 2447 1013 2499 legitur
1032 2454 1073 2486 et
1089 2444 1234 2494 α’ζωνια
1255 2459 1330 2498 pro
1350 2441 1500 2499 ἆξὸνια.

267 2506 403 2558 λέγοις.
416 2505 431 2555 ]
495 2505 546 2543 In
583 2504 632 2546 C.
670 2504 719 2547 A.
756 2501 903 2542 absunt
947 2515 1051 2555 quae
1093 2510 1322 2557 sequuntur
1354 2515 1488 2555 usque
1531 2500 1583 2540 ad

154 2562 292 2615 χαμαί.
352 2560 524 2601 HUEHN.
