1690 2996
104 122 213 164 1548
719 118 772 157 X.
831 122 897 162 82.

103 231 230 280 latae,
250 228 443 280 patulae,
463 226 612 280 ὕπτιοι,
639 230 824 281 supinae.
853 229 983 271 Salm.
1010 231 1134 275 κοῖλοι
1161 233 1338 282 πίνακες,
1367 232 1530 283 πίνακες

103 286 321 328 ἔκπεᾛιαλοι
377 285 557 325 Kunnn.

213 342 340 382 κοῖλοι
357 340 531 391 πίνακες]
565 339 766 392 Sequitur
784 342 908 383 κοῖλοι
927 342 1115 395 πίνακες,
1154 352 1201 382 ut
1225 352 1337 384 recte
1361 343 1530 382 seberus

105 394 252 435 edidit.
282 393 354 434 sed
374 404 516 434 noster
528 395 623 435 MS.
621 353 781 434 qadhuc
798 396 982 436 auctior.
1010 401 1135 440 κοῖλοι
1158 401 1336 446 πίνακες,
1363 401 1530 450 πίνακες

104 452 324 499 ἕκπέταλοι,
353 449 381 500 ἤ
399 460 478 489 etc.
503 464 586 502 quo
606 460 728 503 pacto
748 451 1026 504 supplendum
1047 453 1182 496 credo.
1213 454 1353 494 omnia
1371 468 1420 494 eo
1442 458 1529 508 pla-

105 507 226 546 niora
243 515 377 546 erunt.
411 507 556 547 ΙυΝο.
593 543 596 546 ⁴

216 564 339 604 κοῖλοι
356 562 531 611 πίνακες,
559 561 777 614 ἔκπὲταλοι]
809 562 977 603 Plenius
1008 563 1167 604 eMSS.
1205 563 1248 602 in
1281 573 1403 604 textu
1431 561 1530 603 dedi

106 619 272 665 aivam
305 617 520 658 ἐκπέ-ταλοι
575 615 676 655 haec
714 619 910 672 pleraque
943 620 1111 672 saepius
1155 629 1380 658 occurrunt
1418 618 1530 672 apud

105 673 363 714 Athenaeum
382 671 476 710 libr.
502 669 580 712 XI.
609 671 720 710 unde
751 674 928 724 quiaque
958 675 1037 712 sibi
1071 683 1207 742 petat,
1245 675 1314 713 cui
1343 675 1530 718 libuerit.

107 727 192 768 Sed
233 727 283 767 de
321 743 492 781 χευμασι
517 725 618 780 quid
651 727 770 766 aias?
808 727 930 769 MSS.
958 732 1105 782 legunt
1130 726 1356 782 τεύχματα,
1394 743 1530 796 neque

107 793 242 823 tamen
264 782 448 849 improba
468 781 595 821 lectio
629 785 808 847 vulgata.
840 785 1088 835 Hesychius·
1123 783 1324 836 Χεύμασι.
1353 784 1528 840 προχόη·

106 838 305 885 restitue.
334 832 533 902 ,Χείματα
562 834 726 905 προχόῃ.
763 838 956 889 suspicor
979 838 1169 891 equidem
1191 849 1411 895 utrumque
1430 842 1530 879 Pol-

107 895 236 932 lucem
264 892 494 944 scripsisse,
521 890 734 943 τεύγματα,
762 890 958 946 χεύματα·
989 896 1050 932 sic
1067 903 1206 933 textus
1232 909 1254 934 a
1279 910 1356 936 me.
1393 909 1530 948 neque

109 949 219 988 enim
241 947 462 992 videbatur
476 947 605 986 lectio
618 947 734 988 MSS.
755 948 1000 1000 spernenda,
1018 963 1153 1002 neque
1173 958 1323 990 temere
1339 951 1530 997 reiicien·

110 1003 208 1044 dum
233 1006 464 1057 vulgatum.
502 1002 710 1042 rarissime
732 1012 881 1051 autem,
913 1014 1031 1056 pute,
1062 1021 1210 1057 numm
1228 1005 1433 1047 invenies.

218 1061 496 1102 πινακίσκοιτ.
520 1059 741 1126 ι’χθυηροί]
771 1060 982 1110 Aristoph.
1009 1061 1145 1101 Pluto·

197 1131 204 1139 *
380 1138 436 1146 —
463 1131 555 1161 τους
573 1115 614 1155 δὲ
634 1116 896 1163 πινακίσκους
900 1133 1010 1183 ..τους
1024 1132 1225 1184 caupone„

379 1187 471 1218 τους
489 1167 719 1238 ἰχθυηρους,
747 1167 939 1238 αργυροῦς
948 1167 1130 1236 παρισθ’
1148 1172 1258 1226 ὄρᾷν.

110 1226 185 1265 ubi
203 1225 453 1265 Scholiaetes
483 1225 666 1264 Graecus
694 1222 914 1280 ἰχθυηρούς
945 1226 1244 1280 interpretatur
1274 1243 1364 1276 τους
1388 1229 1533 1278 ἐπιτη-

108 1284 242 1330 δείους
269 1283 391 1335 ἰχθῦν
419 1281 622 1335 χωρῆσαι·
657 1283 838 1332 patellae
867 1282 1032 1320 idoneae
1063 1282 1125 1320 ad
1150 1283 1367 1334 capiendos
1387 1286 1530 1335 piac-ea.

110 1337 156 1377 in
178 1336 330 1391 quibus
355 1337 486 1390 pisces
508 1346 749 1389 coquuntur
771 1339 836 1375 vel
858 1346 1144 1389 apponuntur.
1202 1338 1377 1379 Kumnr.

221 1395 447 1434 πινακίσκοι
478 1410 511 1433 τ
550 1394 702 1445 ἰχθυηρ
705 1392 785 1443 οί.]
827 1391 925 1434 MS·
955 1396 1179 1434 πινακίσκοι
1205 1393 1343 1442 τινὲςι
1331 1395 1349 1434 ἰ
1414 1393 1530 1433 Idem

112 1447 212 1489 alias
237 1461 358 1499 supra
381 1447 454 1498 VI,
484 1445 549 1488 84.
581 1446 654 1485 ubi
686 1456 820 1485 tamen
852 1461 1020 1500 quoque
1049 1458 1257 1488 auctorem
1287 1462 1372 1488 non
1399 1449 1530 1496 addit.

110 1503 154 1543 Is
172 1517 268 1543 vero
286 1512 364 1554 est,
394 1516 477 1555 quo
498 1502 637 1541 nescio
657 1516 708 1541 an
728 1501 851 1540 alium
872 1503 1135 1555 frequentius
1154 1505 1306 1542 Noster
1325 1503 1531 1545 adducere

114 1561 261 1605 soleat,
291 1558 603 1609 Aristophanes,
635 1557 679 1595 in
702 1558 821 1595 cuius
842 1559 971 1596 Pluto
997 1560 1123 1612 legas,
1153 1558 1224 1596 ubi
1245 1573 1385 1599 servus
1408 1559 1531 1600 Cario

114 1623 254 1654 narrat
273 1627 396 1667 quam
425 1613 562 1652 omnia
591 1610 636 1651 in
665 1612 837 1652 aedibus
867 1612 1115 1653 adveniente
1139 1615 1265 1653 Pluto
1293 1614 1532 1655 immutata.

277 1692 333 1701 —
353 1685 446 1717 τους
464 1669 505 1710 δὲ
525 1670 782 1718 πινακίσκους
803 1686 888 1716 τους
907 1667 1099 1736 σαπροῠς,

277 1742 368 1772 τους
384 1722 617 1779 ἰχθυηρους,
650 1723 842 1778 α’ργυροῦς
859 1723 1039 1777 πάρεσθ’
1057 1725 1166 1779 ορᾷν.
1224 1725 1357 1766 que.

222 1779 403 1833 ἀπύρους
422 1781 702 1832 πινακίσκους]
734 1779 841 1819 Vide
859 1793 983 1833 supra
1004 1794 1127 1835 segm.
1150 1779 1215 1821 63.
1276 1782 1372 1824 Sssn,

221 1835 398 1888 αἠὐρους
418 1835 692 1889 πινακίσκους]
723 1836 769 1877 C
783 1837 829 1875 V.
844 1834 1019 1890 ἀπύρους
1031 1854 1094 1877 και
1106 1853 1305 1887 ιμπυρους
1323 1853 1364 1876 π.
1381 1835 1530 1875 distin-

111 1907 235 1948 guere
253 1892 412 1929 videtur
428 1892 642 1942 patellas
626 1908 662 1942 ze,
647 1906 761 1930 ‘mem
785 1905 866 1930 non
889 1901 1075 1942 expertae
1103 1892 1156 1930 ab
1188 1895 1262 1941 iis,
1306 1906 1412 1943 quae
1441 1894 1534 1943 igni

114 1950 388 1988 admoventur.
445 1945 574 1986 Verba
597 1944 723 1985 haec’
726 1945 1001 2000 Αριστοφοὶνης
1023 1957 1101 1986 etc.
1124 1960 1209 1986 non
1237 1956 1385 1986 extant
1417 1947 1461 1986 in
1482 1946 1530 1988 C.

115 2006 168 2046 A.
188 2016 318 2071 usque
340 2000 390 2040 ad
410 2000 620 2055 ι’χῧυηρόν.
678 2001 854 2044 Κυιςιιιπ.

224 2052 401 2127 α’πυρους
418 2055 694 2108 πινακίσκους]
725 2058 818 2098 MS.
839 2056 881 2098 δ’
898 2055 1022 2100 ἔοικεν
1038 2059 1207 2110 διαιρεῖν
1234 2055 1344 2105 unic
1362 2055 1536 2111 α’πιῖρους

115 2117 185 2158 και
202 2111 403 2168 ἐμπυρους
422 2130 554 2155 πινακ.
590 2111 768 2164 auctius,
790 2122 837 2152 ut
861 2112 989 2163 vides,
1020 2127 1097 2154 nec
1116 2112 1328 2152 dubitabis
1349 2112 1409 2152 ita
1430 2127 1536 2167 aup-

115 2175 230 2225 plere
240 2172 477 2236 vulgatum.
525 2169 653 2208 IUNG.
1110 2188 1113 2191 ν

223 2222 396 2276 ἀπύρους
416 2222 684 2277 πινακίσκους]
715 2223 854 2263 Facile
874 2237 916 2262 se
938 2223 1087 2262 vitium
1112 2221 1344 2263 attendenti
1374 2221 1534 2275 prodit

115 2296 201 2321 non
220 2290 280 2320 est
302 2280 409 2319 enim
430 2280 473 2318 in
494 2279 688 2332 vulgatiss.
720 2278 792 2316 ubi
817 2282 986 2317 alterurn
1007 2279 1057 2316 ab
1075 2281 1204 2317 altero
1225 2278 1356 2330 poscis
1378 2277 1534 2318 discer-

115 2352 213 2376 nere
236 2346 277 2376 et
300 2337 486 2386 διαιρεῖν·
514 2349 612 2388 ergo
632 2334 753 2373 MSS.
780 2344 1016 2385 opportune
1034 2344 1129 2385 post
1152 2331 1332 2386 α’πυρους
1353 2333 1533 2401 intepe-

115 2402 213 2432 runt
230 2394 298 2434 και
318 2390 538 2443 εμπύρους*
571 2389 682 2442 quod
697 2389 730 2428 si
745 2388 966 2439 addideris,
991 2397 1076 2426 tum
1099 2388 1259 2427 demum
1277 2402 1421 2428 census
1439 2392 1531 2441 p‘er·

114 2448 249 2487 fectus
266 2445 407 2486 evadit
423 2460 469 2484 ac
479 2449 639 2499 plenus
660 2444 709 2485 de
731 2454 908 2496 utroque
923 2446 1249 2495 [anger-mannua
1259 2444 1467 2497 egregium
1479 2458 1532 2484 ex

114 2503 334 2542 Eustathio
354 2505 492 2547 locum
513 2499 715 2553 produxit
734 2500 783 2539 ad
799 2500 869 2542 lib
893 2499 968 2539 IX.
992 2513 1026 2538 c.
1050 2514 1086 2549 7.
1118 2498 1188 2537 ubi
1212 2501 1372 2550 λέβητος
1398 2501 1533 2550 ἐμπυ-

113 2555 277 2616 ριβὴτου
298 2558 455 2598 fecerat
472 2555 727 2599 mentionem
748 2557 911 2596 Pollux.
968 2554 1153 2597 Pertinet
1171 2553 1222 2594 ad
1243 2553 1356 2595 hunc
1374 2556 1533 2608 Diony·
