1690 2996
702 132 756 175 X.
814 135 908 175 104.
1420 131 1525 172 1621

103 247 228 288 nobis
253 245 425 287 dictum.
466 259 567 286 mox
593 243 878 298 supplevimus
904 256 927 283 e
958 241 1083 286 MSS.
1109 243 1189 285 ἔστι
1213 242 1283 296 μὲν
1311 235 1383 283 οὖν
1407 240 1527 294 ἴγδις·

105 306 239 358 vulgo
258 301 490 356 legebatur:
519 302 597 344 ἔστι
616 301 686 354 μὲν
707 301 797 354 ἴγδη
814 312 826 325 ·
856 298 1018 338 scilicet
1036 311 1121 338 non
1143 312 1237 337 raro
1248 295 1411 336 librarii
1422 308 1529 336 resc-

105 372 202 400 cars
221 357 410 399 solebant
426 357 522 397 illas
530 365 667 412 partes
679 358 747 396 vel
762 354 999 408 particulas,
1031 367 1137 406 quae
1155 353 1260 406 ipsis
1278 353 1369 392 sine
1385 363 1529 390 seusus

104 413 355 454 detrimento
370 413 512 454 abesse
527 425 651 467 posse
660 409 920 451 videbantur.
954 409 996 447 in
1007 409 1167 448 Polluce
1176 407 1356 447 infinitis
1370 405 1413 445 id
1423 405 1530 446 locis

105 468 275 518 accidit,
297 482 375 509 neo
393 468 530 508 minus
549 469 593 507 iu
608 467 702 506 aliis
721 464 973 506 auctoribus.
1003 464 1080 503 ista
1104 477 1202 504 vero
1214 463 1318 504 vitia
1331 471 1403 502 aut
1414 475 1531 515 pror-

105 538 175 564 sus
193 538 277 564 non
292 555 305 575 ,
335 533 409 563 aut
431 521 678 564 difficillime
702 530 881 575 possunt
899 519 1198 571 animadverti5
1228 517 1370 573 quivis
1392 527 1530 556 tamen

106 580 232 620 facile
246 577 362 634 videt
375 609 388 630 ,
417 577 735 633 compositionis
757 575 988 630 elegantiae
1012 573 1126 614 haud
1144 589 1288 628 parum
1304 573 1386 613 hoc
1403 570 1530 612 modo

107 634 250 678 deteri.
305 638 351 676 lu
379 636 641 687 Antiphani}
671 633 795 674 etiam
825 636 953 672 alters
979 629 1114 685 χρήσει
1141 644 1255 671 error
1276 629 1322 669 in
1347 626 1528 683 vulgatis

109 692 366 732 commissus.
395 691 457 730 sic
466 689 623 731 editum
635 689 718 728 fuit
728 696 825 729 ante
845 700 947 727 nost
984 687 1066 740 ’λήν
1081 687 1225 728 θυείαν
1241 683 1417 741 ἆγνοεΐς;
1441 700 1531 726 του-

105 747 206 789 τέστι
223 745 297 801 τὴν
315 749 450 803 ἴγδην·
479 745 553 787 sed
579 743 914 786 commodissime
929 743 1054 784 MSS.
1071 744 1267 785 τουτέστιν
1286 738 1314 795 ἦ
1331 743 1430 796 ἴγδις
1442 751 1451 759 ·
1481 740 1532 777 il·

106 803 182 840 lud
194 805 326 855 ipsum
340 812 401 842 est
422 803 545 858 ἴγδις,
572 815 646 852 seu
667 802 937 840 mortarium:
978 797 1120 851 scioli,
1177 797 1225 837 ui
1244 811 1330 837 rem
1350 809 1437 835 nou
1457 808 1533 834 ca-

108 857 299 910 piebant,
328 866 558 897 mutarunt.
588 870 663 910 pro
681 853 850 909 ὀρχήσει,
876 852 992 909 quod
1010 863 1074 894 est
1097 854 1142 892 in
1240 851 1286 895 S.
1305 850 1532 893 rectissime

107 913 320 965 scripseris
338 909 526 967 ὀρχήσεις.
570 911 724 953 Inveni
741 919 878 951 autem
909 909 954 948 in
972 907 1212 962 Etymologo
1232 909 1307 948 Ina
1338 922 1391 947 no
1416 905 1532 959 quod

110 966 163 1006 ad
193 969 302 1008 hano
331 982 415 1009 rem
439 966 659 1022 pertineat.
695 966 733 1005 is
751 966 811 1005 ita
829 963 999 1004 scribit:
1036 965 1116 1007 ἔστι
1133 964 1174 1006 δὲ
1196 965 1263 1007 καὶ
1284 981 1300 1007 ε
1319 967 1387 1013 δος
1408 959 1532 1016 ὀρχή-

111 1036 212 1072 σεως
232 1024 458 1078 ἰγδίσματα,
495 1024 538 1066 ἐν
563 1016 593 1078 ᾖ
618 1019 794 1076 adragas·
818 1019 892 1074 τὴν
912 1015 1040 1073 ὅσφῢν
1065 1020 1248 1076 ἐμφερῶς
1273 1023 1329 1076 τῷ
1355 1020 1528 1062 δοίδυκι·

111 1077 254 1132 itaque
274 1093 425 1119 nomen
448 1077 574 1119 habet
593 1091 616 1117 a
637 1076 819 1117 saltandi
837 1077 972 1115 forma
988 1072 1015 1129 ἦ
1034 1077 1148 1131 ἴγδις.
1204 1077 1270 1117 Ex
1284 1075 1532 1128 Antiphane

112 1146 211 1174 vero
238 1147 345 1188 quae
364 1133 500 1175 adfert
519 1135 669 1173 Noster
687 1132 768 1173 hoc
786 1135 882 1172 loco
904 1132 1165 1185 turpiuscula
1185 1139 1306 1172 sunt:
1335 1132 1453 1173 θυεία
1469 1138 1533 1169 est

110 1188 356 1230 intervooes
373 1199 417 1230 et
435 1189 587 1244 figuras
607 1188 876 1236 meretricias,
904 1200 1011 1240 quae
1031 1186 1205 1242 σχήματα
1217 1185 1414 1226 dicuntur
1429 1203 1442 1228 .-
1462 1180 1532 1228 αὖ·

109 1241 194 1295 λδς,
226 1245 364 1284 cauda
380 1246 530 1286 virilis.
574 1247 794 1284 saltaverat
815 1252 949 1283 autem
971 1244 1064 1296 quis
1082 1242 1194 1283 haud
1207 1241 1332 1282 dubie
1344 1257 1435 1281 cum
1451 1255 1532 1281 me·

111 1299 264 1340 tetrice
289 1298 362 1354 τὴν
391 1302 515 1356 ἴγδιν,
551 1300 765 1353 iveratque
794 1308 891 1352 post
922 1297 1026 1338 haec
1053 1313 1146 1338 cum
1169 1313 1216 1339 ea
1237 1298 1530 1343 concubitum3

109 1363 284 1409 tumque
319 1370 413 1397 eum
453 1355 505 1399 ad
536 1354 836 1395 meretriculam
870 1354 943 1393 illa
968 1352 1125 1394 dixisse
1143 1354 1267 1394 verba
1296 1354 1396 1393 satis
1426 1351 1533 1391 mihi

109 1419 286 1453 constat.
317 1410 480 1452 iocatus
505 1410 635 1466 igitur
654 1410 699 1448 in
728 1409 856 1450 simili
879 1407 1191 1464 significatione
1212 1410 1429 1462 utriusque
1452 1421 1534 1447 vo-

109 1464 170 1504 cis
189 1464 301 1506 dixit
318 1466 384 1506 ini
406 1465 710 1508 meretriculae:
746 1463 826 1518 Τὴν
839 1467 985 1507 θυείαν
1007 1462 1186 1520 ἆγνοεῖς;
1215 1466 1410 1508 τουτέστιν
1426 1461 1452 1518 ἦ
1469 1465 1532 1519 ἴγ-

108 1523 188 1570 δις·
215 1520 328 1562 uude
343 1531 387 1563 et
406 1522 528 1565 MSS.
548 1521 772 1562 lectionem
794 1521 1031 1572 Interpretes
1049 1531 1215 1561 nostros
1233 1536 1319 1562 non
1339 1521 1444 1561 bene
1465 1533 1532 1559 re—

106 1574 255 1622 iecisse
276 1586 402 1630 patet.
460 1577 539 1618 Sed
560 1575 663 1632 quid
686 1590 763 1630 ogo
782 1576 827 1615 iu
847 1576 923 1615 tali
947 1590 992 1616 re
1012 1589 1265 1625 commoror,
1300 1591 1424 1632 quam
1443 1588 1530 1615 non

111 1630 300 1685 attigisse
315 1632 452 1672 fuerat
473 1633 619 1672 satius.

216 1697 296 1740 ἔστι
313 1697 381 1752 μὲν
397 1691 487 1755 ἴγδη
503 1698 520 1753 ]
551 1698 639 1740 MS.
665 1698 734 1751 μὲν
755 1693 830 1741 οὖν
850 1699 903 1754 ἴγ.
958 1705 1039 1743 822.

219 1765 297 1807 ἔστι
329 1765 398 1819 μὲν
426 1766 540 1821 ἴγδη]
582 1764 673 1807 MS.
694 1776 857 1807 noster:
888 1767 969 1810 ἔστι
989 1768 1058 1820 μὲν
1077 1760 1149 1808 οὖν
1168 1767 1267 1821 ἴγδις
1281 1765 1347 1808 καὶ
1370 1774 1448 1805 etc.
1490 1773 1534 1805 et

110 1821 170 1861 ita
182 1819 317 1860 scribe
336 1820 406 1861 sis.
437 1816 512 1864 οὖν
523 1822 734 1861 interserit
752 1831 795 1861 et
813 1823 949 1861 seben·
963 1822 1055 1862 MS.
1084 1822 1202 1862 Male
1213 1835 1335 1875 supra
1349 1820 1423 1870 IV,
1444 1831 1532 1861 101.

109 1876 156 1915 iu
183 1876 384 1931 vulgatis,
413 1876 487 1916 ubi
508 1879 591 1931 εἴδη
615 1873 810 1931 ὄρχήσεως
827 1888 1115 1928 recensentur,
1146 1877 1190 1917 id
1211 1877 1429 1927 omissum,
1457 1874 1534 1913 ubi

108 1945 165 1972 ex
191 1932 288 1977 MS.
315 1932 600 1974 restituimus:
633 1931 837 1982 ἆπόσεισις
855 1943 932 1976 etc.
962 1935 1028 1976 καὶ
1049 1935 1169 1988 ἴγδις·
1199 1943 1240 1974 et
1258 1932 1412 1972 ibidem
1436 1948 1534 1985 μακ-

106 1984 289 2041 τρισμόν·
329 1997 547 2043 utramque
577 1998 682 2043 puto
710 1987 760 2028 ab
791 1988 874 2030 hoo
901 1989 1147 2044 coquinario
1171 1992 1290 2029 alveo
1311 2001 1534 2041 nuncupa-

112 2051 210 2083 tam.
247 2049 371 2085 Tunc.

214 2126 247 2152 τ.
266 2111 412 2152 θυείαν
423 2108 509 2166 ἆγν.
526 2128 558 2154 τ.
582 2109 656 2164 τὴν
673 2113 823 2168 ἴγδην.]
854 2111 900 2154 C.
914 2113 967 2155 V.
987 2109 1142 2167 τουτ..ἦ
1160 2113 1260 2167 ἴγδις
1277 2115 1386 2153 θυΐα.
1406 2109 1532 2152 Salm.

109 2164 156 2208 C.
174 2166 370 2209 τουτέστιν
385 2163 412 2220 ἦ
430 2170 534 2222 ἴγδη,
565 2166 692 2210 θύεια.
732 2167 780 2208 C.
799 2170 851 2208 A.
873 2168 998 2209 modo
1019 2173 1225 2222 Κωμικῶς.
1279 2173 1420 2205 Kumm.

214 2249 248 2274 τ.
266 2235 410 2275 θυείαν
426 2232 511 2287 ἆγν.
530 2251 561 2276 τ.
590 2233 664 2288 τὴν
681 2235 838 2290 ἴγδην.]
867 2237 962 2276 MS.
985 2234 1058 2288 τὴν
1075 2238 1200 2277 θυΐαν
1214 2230 1391 2288 ἇγνοεῖς;
1422 2248 1532 2274 τουτ-

108 2286 234 2340 έστιν,
261 2285 290 2342 ἦ
310 2291 409 2344 ἴγδις
425 2294 546 2331 θυΐα·
586 2291 658 2331 sed
678 2294 848 2345 vulgata
867 2293 996 2331 lectio
1017 2294 1179 2346 placet,
1209 2288 1333 2330 modo
1361 2287 1530 2340 scribas,

109 2351 158 2383 ut
179 2345 330 2384 Pollux
348 2347 455 2386 velle
475 2345 658 2395 videtur,
688 2349 804 2402 ἴγδιν.
861 2353 969 2386 Iuno.

148 2513 167 2527 ο
214 2462 260 2507 τδ
279 2466 320 2532 δὲ
337 2465 546 2521 πῦρανον]
575 2469 706 2522 Supra
725 2418 886 2519 νῙῒίξιὶἐ.
908 2467 1123 2523 πύραυνος.
1164 2469 1340 2522 Etymol.
1360 2470 1466 2525 παρὰ
1485 2468 1529 2513 τό

110 2533 204 2611 {¹¹⁰2
214 2520 368 2564 ἐναυειν
392 2524 434 2593 ἐν
459 2524 578 2592 ααΞτςὸ.
634 2523 760 2579 Apud
784 2525 961 2577 Hesyck.
983 2525 1106 2566 etiam
1128 2521 1347 2581 Πύραινος,
1375 2525 1530 2585 ἆγγεῖον

132 2589 155 2613 ν
171 2590 200 2630 ῳ
219 2576 370 2631 φέρεται
393 2595 436 2621 το
457 2597 547 2635 πυρ.
605 2586 686 2620 San.
