1690 2996
198 123 303 162 1442
819 117 875 157 X.
928 119 992 162 54.

194 246 268 272 νον
287 227 365 271 ἐστὶ
382 225 612 270 κολαστικόν
627 243 677 276 τι,
705 224 735 279 ἢ
753 224 933 283 μάστιγες
951 230 996 271 αί
1007 225 1086 272 vind
1105 226 1279 283 ἱμάντων
1298 227 1528 285 δορκάδων·
1545 230 1609 270 vi·

195 285 330 332 dessin
351 285 439 336 ipsa
462 285 576 323 vocis
593 283 902 337 significatione
916 284 1118 324 haesitare
1133 286 1361 327 Grammat.
1376 286 1515 337 illnm3
1535 285 1607 325 sed

196 339 480 387 indicandum,
496 337 607 376 unde
622 337 725 378 haec
738 338 932 387 hauserit,
944 354 966 378 e
979 341 1114 379 Schol.
1128 341 1321 380 nimirum
1331 341 1506 394 antiquo
1515 343 1606 380 Na·

193 399 323 433 zianz.
338 394 387 432 ad
401 393 607 436 stelitJI.
622 393 682 432 ibi
700 394 760 433 sic
779 394 919 447 inquit
944 395 1112 448 Gregor.
1131 395 1196 434 vir
1213 395 1578 449 eloquentissimus
1591 409 1604 434 z

196 448 218 492 ὖ
232 451 272 492 δὲ
283 448 387 491 ἅπαν
401 448 442 491 τὸ
455 454 566 501 σῶμα
584 450 1041 502 δορκαλίσικαταξανθεὶς
1056 452 1110 499 εἰς
1122 445 1264 504 βάθος,
1274 452 1341 493 καὶ
1351 448 1469 503 μικροὶ
1477 451 1608 492 πνέων

194 507 249 548 ἔτι
266 512 347 553 τοῖς
363 502 571 558 τραύμασι.
608 509 796 546 τοσοῦτον
819 501 973 558 ἐπεῖχεν
991 504 1187 547 ἐνδιδόναι
1202 505 1303 559 πρὸς
1319 505 1387 554 τὰς
1405 504 1607 558 βασάνους

196 571 273 603 etc.
304 561 438 600 obiter
461 560 629 599 observa
647 558 751 598 illud
769 562 1035 610 καταξανθεὶς,
1054 560 1164 614 quod
1186 562 1370 614 apprime
1386 560 1491 600 bene
1512 575 1603 600 cum

194 618 367 656 Aeliani
397 618 492 654 loco
521 615 731 656 convenit.
771 616 831 654 sic
851 625 892 656 et
911 616 955 653 in
979 617 1187 655 Ecclesiae
1200 618 1454 669 Smyr-nensis
1469 615 1604 655 literis

198 671 249 710 de
275 674 478 723 Martyria
505 672 754 722 Polycarpi:
784 673 826 712 οἴ
840 668 990 722 μάστιξι
1004 671 1073 724 μὲν
1092 672 1411 721 καταξανθέντες·
1445 669 1497 709 ad
1525 671 1604 710 ista

194 736 314 766 vetus
332 725 434 765 haec
454 726 752 764 Commentator
772 724 896 765 habet
910 742 922 766 z
964 728 1202 779 Δορκαλίδες
1221 724 1368 781 ὄργανά
1397 727 1471 768 εἰσι
1487 730 1604 768 κολα-

194 779 304 824 στικᾶ
315 813 326 833 ,
355 782 451 830 ἴσως
467 781 507 823 δὲ
533 782 575 821 αἱ
590 779 771 834 μάστιγες
792 782 836 822 at
857 776 935 821 ἄπό
951 779 1124 833 ἱμάντων
1141 784 1329 836 δορκὰδος
1347 779 1451 824 οὕτω
1467 782 1606 836 λέγον-

193 855 268 888 ται,
300 835 353 885 ὦς
368 833 582 890 ὖστριχίδες
599 837 642 876 αἰ
657 832 734 877 oin&
755 839 895 888 τριχῶν
906 833 978 885 ὖός
990 850 1000 860 ·
1037 837 1115 877 ἔστι
1137 837 1178 878 δὲ
1194 838 1262 879 καὶ
1276 834 1448 892 ὑστριχὶς
1461 838 1606 889 θηρίον

193 911 231 935 τι
249 895 380 946 τρίχας
396 893 484 944 ἕχον
499 889 594 940 ὗός,
624 888 671 938 ἃς
690 892 732 932 ἐν
749 892 802 946 τῷ
819 888 1028 932 διώκεσθαι
1046 892 1277 940 ἐξακοντίζει
1298 891 1395 934 κατὰ
1410 896 1488 933 τοῖν
1509 895 1604 933 διω-

192 947 369 991 κόντων·
410 946 636 999 posteriora
667 945 717 985 de
746 945 1005 997 hystrichide
1031 947 1251 997 ipsissimis
1278 947 1371 986 illis
1392 947 1529 986 verbis
1557 947 1603 986 in

194 1002 513 1043 Commentariis
531 1000 580 1039 ad
602 1001 890 1052 Aristophanis
906 1003 1077 1053 Equites
1092 1004 1312 1055 leguntur:
1342 1001 1392 1041 de
1407 1003 1606 1054 δορκαλίσι

193 1073 292 1098 vero
317 1055 426 1112 quod
442 1056 590 1095 statuit
606 1055 733 1095 homo
749 1070 834 1094 non
854 1056 1086 1095 ineruditus
1105 1055 1277 1095 dubium
1297 1057 1399 1096 mihi
1414 1067 1488 1096 est.
1519 1071 1606 1109 po-

193 1115 277 1153 tius
306 1113 414 1151 enim
443 1111 660 1150 allubescit
691 1113 921 1162 δορκαλίδας
949 1112 1179 1165 intelligere
1209 1111 1259 1152 de
1276 1111 1470 1167 flagellis,
1500 1125 1606 1166 quae

193 1182 429 1222 caprearum
446 1169 572 1216 talos,
601 1169 855 1220 δορκαδείους
880 1163 1168 1221 ἀστραγάλους,
1194 1167 1371 1207 innexos
1394 1166 1603 1214 haberent,

195 1238 370 1276 quorum
391 1222 570 1275 insignis
591 1221 720 1261 fuerit
737 1222 781 1260 in
803 1221 880 1261 hac
890 1236 932 1262 re
948 1236 1061 1273 usus,
1078 1222 1205 1261 sicuti
1221 1231 1262 1262 et
1275 1221 1421 1262 ceteris
1432 1221 1478 1260 hi
1489 1235 1603 1274 prae·

189 1278 432 1320 ferebantur
451 1277 495 1315 in
516 1279 766 1316 tessellatum
787 1277 902 1316 ludo.
941 1291 1026 1316 non
1050 1277 1216 1329 penitus
1238 1286 1372 1317 tamen
1395 1277 1509 1316 illam
1527 1291 1603 1316 ex-

192 1333 446 1388 positionem
468 1331 658 1370 damnare
676 1332 823 1382 velim,
850 1346 943 1371 nam
969 1341 1011 1371 et
1032 1334 1294 1382 Propertius:
1334 1332 1506 1372 Verbera
1518 1333 1604 1383 pel-

194 1392 295 1428 litus
326 1397 458 1426 setosa
485 1388 669 1426 movebat
694 1396 847 1428 arator.
899 1386 970 1426 sed
1004 1387 1167 1439 plenius
1197 1387 1322 1438 alias3
1355 1401 1468 1425 nunc
1491 1386 1604 1426 enim

193 1444 393 1498 iniquitas
413 1442 610 1494 temporis
629 1452 670 1480 et
687 1442 813 1493 spatii
832 1456 895 1481 me
914 1441 1112 1482 excludit.
1170 1442 1258 1496 [De
1278 1441 1447 1496 flagellis
1465 1439 1605 1495 ἄστρα·

192 1504 381 1554 γαλωτοῖς
404 1496 608 1536 videndus
630 1497 751 1536 etiam
777 1499 945 1549 Lipsius
969 1496 1019 1536 de
1046 1497 1170 1535 cruce
1190 1496 1266 1537 lib.
1283 1497 1340 1536 II.
1365 1497 1452 1538 c.5.
1482 1510 1603 1550 quem

194 1555 416 1608 diligenter
442 1553 693 1605 posteriores
727 1553 1044 1606 exscripserunt.
1100 1551 1271 1592 Aeliam·
1303 1554 1439 1591 locum
1479 1565 1604 1604 opera

194 1619 360 1657 nostra,
389 1623 480 1647 cum
505 1608 577 1646 illa
605 1606 842 1655 scriberem,
879 1607 1108 1646 resanuisse
1133 1606 1362 1650 censebam,
1400 1621 1476 1646 nee
1494 1607 1604 1648 forte

193 1663 427 1705 emendatio
448 1672 586 1702 nostra
606 1662 708 1701 viris
724 1662 897 1702 eruditis
917 1661 1163 1714 displicebit.
1196 1662 1239 1700 id
1259 1672 1394 1701 tamen
1407 1661 1606 1704 adnotare

193 1734 279 1759 non
305 1728 538 1771 praetereo,
576 1720 816 1756 nonnullam
849 1717 951 1756 mihi
977 1717 1184 1756 subortam
1215 1731 1303 1756 esse
1330 1731 1516 1766 causam,
1548 1717 1602 1758 ob

194 1789 313 1830 quam
347 1775 465 1812 illum
493 1776 630 1812 locum
661 1772 712 1810 ad
742 1772 972 1812 accuratius
1005 1786 1176 1811 examen
1206 1771 1485 1812 revocandum
1516 1786 1605 1814 esse

194 1830 350 1871 iudico.
379 1828 449 1867 hic
470 1838 604 1867 autem
622 1837 669 1866 ut
687 1827 732 1866 id
751 1828 837 1874 fiat,
867 1842 943 1867 nec
962 1828 1046 1867 loci
1065 1842 1140 1866 nec
1159 1827 1239 1867 mei
1249 1837 1460 1880 temports,
1490 1827 1605 1881 quod

192 1884 299 1924 mihi
326 1884 404 1922 iam
424 1884 796 1922 contractissimum
816 1893 877 1922 est
897 1892 937 1921 et
950 1883 1138 1934 plurimis
1158 1882 1400 1936 impeditum
1412 1883 1606 1936 negotiis,

190 1941 299 1980 ratio
321 1938 489 1990 patitur.
527 1937 597 1978 sed
624 1938 704 1978 hoc
729 1948 862 1978 tamen
887 1938 987 1977 alibi
1007 1952 1070 1977 me
1090 1937 1232 1977 debito
1258 1940 1484 1980 exsolvam.
1539 1939 1606 1978 Ex

191 1994 446 2046 Addendim]
485 2039 491 2046 ,

299 2051 365 2091 καὶ
383 2045 677 2103 ἄστραγαλωτή]
707 2049 1110 2100 Interpr.flagellum
1127 2048 1330 2098 nodosum,
1358 2047 1510 2098 malim,
1538 2056 1603 2087 ta-

192 2109 246 2147 lis
275 2106 457 2144 obsitum.
497 2113 584 2142 erat
616 2104 725 2142 enim
747 2105 784 2153 ἐξ
813 2102 1062 2157 οἷστραγάλων
1090 2101 1119 2156 ἦ
1141 2101 1298 2155 μάστιξ·
1334 2104 1513 2144 Luc-ian.
1550 2101 1604 2143 de

193 2165 287 2202 Dea
305 2162 437 2213 Syria.
493 2160 605 2212 Ergo
626 2172 709 2197 non
730 2159 990 2197 vinculorum
1009 2158 1133 2204 nodis
1146 2157 1356 2198 hincinde
1370 2158 1602 2212 implicitis,
1679 2161 1683 2163 ’

193 2217 265 2257 sed
285 2215 423 2256 densis
443 2214 582 2254 ovium
607 2213 701 2252 talis
721 2216 887 2266 plexum
909 2222 996 2252 erat
1014 2213 1252 2253 huiusmodi
1264 2212 1484 2266 flagellum,
1504 2226 1608 2265 qua-

193 2270 471 2326 le'gestabant
489 2269 596 2308 Galli
619 2267 762 2308 Matris
786 2270 936 2317 Deum,
967 2282 1113 2320 eoque,
1133 2267 1282 2321 siquid
1305 2266 1605 2316 commiserant,

195 2327 244 2367 ad
266 2331 424 2380 largum
448 2339 579 2377 usque
596 2324 836 2376 sanguinem
856 2323 899 2360 in
920 2323 1018 2361 aede
1044 2323 1217 2375 beeles,
1245 2325 1311 2362 vel
1335 2322 1503 2375 publice
1527 2323 1601 2361 sub

196 2383 380 2422 omnium
410 2381 543 2420 oculis
573 2394 615 2419 se
638 2380 751 2430 ipsos
781 2377 1020 2416 caedebant.
1058 2378 1145 2421 vid.
1166 2379 1329 2429 Apulei.
1354 2377 1447 2420 libr.
1481 2377 1603 2419 VIII.

195 2437 468 2488 Ildetamorplz.
481 2435 698 2473 Plutarch.
717 2445 861 2473 contra
877 2434 1058 2474 Golotam
1075 2433 1118 2471 in
1138 2432 1231 2474 fine.
1287 2433 1411 2485 Apud
1428 2431 1606 2473 Parthos

195 2493 322 2546 Regis
354 2491 509 2531 amicus
536 2499 576 2530 et
602 2489 779 2529 conviva
805 2487 857 2527 ob
877 2490 1008 2527 levem
1029 2490 1188 2540 culpam
1211 2483 1375 2542 ῥάβδοις
1391 2490 1457 2532 καὶ
1471 2485 1610 2543 ipim-r

185 2545 517 2600 ἀστραγαλωτοῖς,
546 2547 679 2597 virgis
704 2553 742 2584 et
760 2541 860 2583 loris
879 2544 1084 2582 tax-illatis
1102 2546 1206 2583 male
1231 2544 1529 2594 mulctabatur,
1555 2553 1604 2583 ut
