1690 2996
218 139 323 181 1090
843 135 919 176 IX.
976 137 1044 181 85.

211 245 476 304 γνωριζόντων
495 242 706 296 andum,
734 264 758 297 η
789 247 1001 301 Λημαρείη
1025 246 1201 297 Γέλωνος
1236 256 1315 288 etc.
1349 260 1523 301 quorum
1546 261 1629 287 no-

211 306 468 348 minatores,
510 305 578 340 vel
611 303 729 352 illos,
776 317 798 341 a
825 303 973 355 quibus
1012 317 1160 342 nomen
1192 303 1429 356 acceperint
1460 303 1629 352 Croesei,

212 361 437 411 Philemon,
466 359 640 408 Dat-ici,
667 359 950 405 Berenicium,
985 359 1290 408 Alexandriam,
1321 358 1628 410 Ptolemaicum,

213 426 254 457 et
276 417 583 463 Demaretium,
613 414 706 452 illos
738 413 902 468 inquam
927 428 1016 452 cum
1037 423 1212 453 noscant
1235 427 1400 461 omnes,
1432 413 1546 468 quod
1573 414 1626 453 ad

221 474 479 510 Demaretam
515 469 689 517 attinet,
725 468 794 507 illa
828 478 905 508 etc.
964 470 1179 522 Λημαρέτη
1203 478 1499 522 paroxytonms
1519 480 1627 509 recte

214 527 339 566 habet
368 535 408 564 et
454 526 607 564 Hostus
643 523 744 563 haec
776 525 980 572 referens,
1019 524 1109 563 libr.
1143 525 1223 564 111.
1265 539 1339 578 cap
1343 524 1422 567 8.
1462 534 1534 566 tm.
1566 524 1626 565 16.

212 583 355 635 itaque
398 577 508 632 apud
542 580 792 631 Hesychium
823 590 886 619 est
924 580 969 618 in
999 582 1263 636 Δημαρὲτιον·
1294 589 1335 620 et
1368 578 1480 634 apud
1499 580 1624 619 Diod.

213 638 402 677 Siculum
419 634 493 675 lib.
524 634 580 673 11.
611 635 846 690 Δαμαρέτῃ,
877 637 1136 688 Λαμαρέτιον.
1194 637 1321 676 qua-

321 698 497 754 Λιβύας]
532 701 627 745 MS
657 701 821 767 plenius
848 699 941 752 τούς
970 700 1124 758 Λιβύας
1150 713 1227 742 etc.
1256 700 1329 742 sed
1357 707 1531 742 accentu
1556 715 1627 756 pa·

209 761 313 801 riter
332 769 540 810 perverso.
570 757 706 797 scribe
723 774 811 806 τους
830 759 1002 810 Λίβυας.
1061 758 1190 799 Iunc.

319 813 344 835 ⁴¹*
371 810 702 867 συγχωρεύσασα]
730 815 779 852 F.
807 814 1116 868 συγχωνεύσασα.
1161 811 1286 868 Quod
1305 811 1355 853 ad
1374 827 1457 854 rem
1478 814 1624 867 ipsam,

209 869 440 923 Hesychius·
471 868 662 907 similiter
694 868 832 910 refert.
861 868 932 908 sed
962 869 1172 907 Diodorus
1203 870 1369 908 Siculus
1402 868 1623 923 discrepat,

210 941 332 983 quem
355 925 443 963 vise
462 922 570 962 libro
588 923 809 962 undecimo
839 923 915 964 fol.
946 935 1010 964 21.
1043 924 1220 965 Weehel.
1279 924 1378 963 Sen-

319 990 343 1011 *
371 987 696 1042 συγχωρεύσασα]
749 989 798 1033 C.
830 990 878 1031 V.
909 989 1236 1044 συγχωνεύσασα,
1263 991 1449 1040 conflans
1457 1021 1469 1041 ,
1498 1001 1623 1037 recte.

210 1047 248 1086 si
269 1044 392 1085 modo
416 1045 589 1083 addatur
610 1048 676 1087 καῖ
701 1061 741 1089 σ.
780 1045 985 1085 Diodorus
1003 1045 1084 1086 hoc
1105 1046 1304 1086 nomisma
1325 1059 1387 1087 10.
1417 1045 1626 1086 drachmas

208 1102 371 1142 Atticas
400 1101 606 1152 valuisse,
645 1099 886 1155 dictumque
916 1114 1006 1141 esse
1025 1115 1048 1141 a
1069 1101 1224 1143 Siculis
1251 1098 1629 1156 πεντηκοντᾶλιτρον

209 1157 291 1201 dno*
313 1158 384 1200 τοῦ
403 1157 601 1209 σταθμοῦ.
658 1159 842 1198 lius-:un

319 1223 343 1244 ⁴*
372 1221 703 1289 συγχωρεύσασα]
752 1223 1002 1264 Rectissime
1048 1232 1191 1264 noster
1232 1223 1399 1264 seberus
1442 1224 1627 1266 coniecit

209 1277 534 1334 συγχωνεύσασα·
564 1278 609 1317 id
629 1280 738 1318 enim
761 1292 928 1332 prorsus
955 1279 1013 1317 ita
1033 1278 1158 1319 habet
1178 1279 1269 1319 MS.
1299 1289 1452 1322 noster.
1483 1294 1535 1321 ne
1552 1279 1626 1319 du-

210 1338 320 1377 bites
340 1335 382 1374 id
404 1335 545 1388 itaque
566 1336 733 1373 Polluci
749 1333 933 1374 reddere.
992 1333 1112 1374 Vidit
1132 1334 1175 1373 id
1198 1343 1240 1374 et
1258 1335 1368 1376 Avus
1389 1349 1520 1387 meus,
1551 1335 1626 1389 qui

207 1392 303 1432 libr.
334 1390 385 1429 de
408 1389 612 1432 Numism.
641 1389 743 1430 haec
764 1389 824 1428 ita
843 1389 993 1437 vertit,
1022 1398 1060 1428 et
1080 1392 1256 1441 conflato
1271 1394 1471 1441 universo,
1498 1405 1627 1430 mun-

210 1447 265 1487 do
305 1460 370 1485 sc.-
396 1444 553 1485 Hostus
584 1444 741 1499 inepte,
781 1459 831 1483 ac
862 1445 1069 1494 tradidit,
1099 1454 1140 1484 et
1167 1454 1383 1490 nummumss
1403 1449 1624 1499 percussit.

207 1505 428 1544 IUNGERM.

319 1557 342 1577 ⁴⁶
373 1551 704 1609 συγχωρεύσασα]
761 1555 866 1611 Cum
895 1556 1081 1594 Kuelznio
1112 1564 1270 1595 textum
1300 1557 1624 1609 emendavimus,

209 1613 482 1664 dedimusque
499 1623 825 1664 συγχωνευσασα·
856 1625 933 1651 nec
954 1611 1073 1651 aliter
1090 1612 1196 1666 legit
1220 1613 1484 1665 Sper-litigius.

307 1674 423 1722 τοῦτο’
432 1694 482 1742 ,γε
497 1675 598 1731 μην]
627 1678 796 1718 Laudat
826 1677 938 1717 hunc
957 1681 1095 1717 locum
1114 1677 1312 1719 Budaeus
1338 1680 1447 1720 libro
1477 1691 1624 1735 quarto

209 1736 260 1776 de
285 1749 373 1775 asse
405 1733 513 1772 circa
545 1734 678 1786 princ.
708 1737 852 1789 legens
882 1747 979 1773 mox
1001 1751 1045 1776 το
1076 1734 1116 1775 δὲ
1136 1731 1288 1788 Σύρον·
1318 1745 1359 1776 et
1379 1749 1475 1775 mox
1497 1738 1626 1776 omit-

208 1801 300 1833 tens
319 1787 516 1855 δραχμας,
547 1789 657 1843 quod
677 1804 754 1828 nec
778 1802 922 1829 sensus
944 1790 1036 1830 fert.
1091 1790 1188 1830 SER-

316 1843 432 1887 τοῦτό
459 1862 499 1898 γε
535 1844 643 1897 μην]
688 1844 849 1884 Scribe
858 1843 971 1886 τοῦτό
999 1862 1043 1900 γε
1071 1863 1114 1898 μ.
1142 1854 1191 1884 ut
1212 1855 1254 1886 et
1273 1845 1368 1887 MS.
1396 1845 1545 1888 habet.-
1576 1846 1622 1885 ir.

209 1915 294 1958 quo
314 1901 366 1941 ad
385 1914 496 1940 oram
517 1903 599 1939 tale
625 1901 915 1939 summarium:
941 1903 1032 1954 περὶ
1050 1900 1239 1955 διαᾳορας
1257 1902 1468 1944 ταλανταῖν.
1498 1902 1626 1942 Iuno.

318 1957 380 1999 ὅτι
402 1953 449 1997 τό
468 1956 539 2009 μὲν
562 1954 670 1998 ’.Λττ
700 1974 732 1997 τ.
763 1965 841 1997 etc.
853 1955 872 2007 ]
903 1955 1035 1995 Deest
1055 1960 1127 2009 μὲν
1152 1957 1195 1996 in
1220 1958 1310 2000 MS.
1345 1958 1476 1999 que.

319 2012 585 2066 ἑξακισχιλίας
606 2020 685 2056 etc.
695 2010 712 2064 ]
755 2011 837 2051 Sex
857 2013 1038 2050 millibus
1056 2013 1267 2051 denarium
1288 2012 1348 2053 ait
1365 2013 1503 2053 Aldus
1523 2014 1624 2052 Ma-

208 2070 350 2109 nutius
372 2066 468 2105 libr.
499 2066 557 2106 II.
589 2066 639 2105 de
675 2067 848 2121 quaesit.
886 2081 958 2120 per
983 2067 1104 2119 epist.
1134 2085 1177 2122 φ.
1208 2083 1244 2120 7.
1273 2077 1315 2109 et
1343 2072 1444 2112 Ant.
1471 2070 1625 2121 Augu-

206 2128 339 2166 stinus
375 2122 575 2161 Annotat.
613 2122 657 2160 in
697 2123 864 2160 Festum
897 2121 947 2161 ad
985 2124 1228 2164 Euboicum.
1258 2122 1342 2167 vid.
1375 2134 1416 2163 et
1446 2126 1625 2163 Hostum

205 2180 280 2223 lib.
309 2179 369 2220 ΙΙ.
410 2175 462 2216 de
490 2176 714 2218 Ponderib.
753 2190 842 2230 cap.
875 2192 912 2226 7.
954 2188 1025 2219 tm.
1059 2192 1093 2219 1.
1120 2194 1161 2219 n.
1194 2194 1230 2233 7.
1263 2189 1307 2220 et
1332 2179 1408 2221 lib.
1437 2179 1514 2220 111.
1543 2179 1623 2219 Rei

207 2236 377 2277 Numm.
407 2246 441 2272 c.
482 2245 541 2274 12.
573 2242 643 2271 tm.
680 2247 712 2273 l.
771 2234 903 2272 Iuno.

318 2287 520 2345 δραχμᾶς]
549 2287 730 2328 Emenda
749 2286 928 2343 δραχμάς
945 2285 1048 2330 Ἀττ.
1102 2289 1226 2332 Imm.

317 2409 419 2454 τόδὲ
443 2407 722 2477 Βαβυλώνιον]
759 2408 845 2451 MS.
873 2359 948 2452 1866·
946 2411 1238 2463 Βαβυλωνίων,
1266 2413 1350 2453 int.
1381 2410 1470 2449 sine
1485 2409 1550 2452 δι’·
1581 2418 1624 2449 et

207 2481 427 2523 possumus
446 2466 644 2506 scribere·
674 2482 715 2507 το
709 2463 776 2506 δὲ
793 2469 1078 2519 Βαβυλωνίων·
1107 2466 1294 2519 quamvis
1317 2480 1458 2518 pamm
1481 2466 1620 2508 refert,

207 2525 266 2562 ita
294 2533 430 2562 tamen
465 2531 507 2561 et
536 2519 582 2564 τό
612 2521 652 2563 δε
672 2517 814 2573 Σύρων
837 2535 938 2560 mox
965 2520 1056 2562 MS.
1087 2531 1129 2559 et
1152 2522 1232 2560 alia
1262 2535 1365 2576 quae
1384 2520 1443 2558 ibi
1475 2520 1624 2561 dicam.

211 2577 293 2619 Sed
323 2578 374 2618 de
402 2576 639 2630 Babylonio
670 2579 827 2618 talento
856 2576 939 2619 vid.
978 2577 1158 2616 Hostum
1186 2575 1290 2616 ibid.
1327 2575 1400 2616 lib.
1431 2575 1510 2616 111.
1544 2576 1625 2618 Rei
