1690 2996
716 138 792 182 lx.
849 143 919 183 96.
1420 139 1527 180 t127

94 268 98 270 ·
170 257 185 298 i
214 255 415 310 Seirapho
439 252 599 308 insigni
629 251 802 293 aleatori
831 258 1059 292 nomen‘ac
1079 249 1282 304 originem
1301 242 1529 302 Σκειροῖφια

113 271 262 354 abero
278 319 429 366 putaut
437 327 451 361 3
478 322 585 363 quse
606 318 780 363 utraque
797 307 1001 347 sententia
1020 316 1083 346 est
1100 307 1145 345 in
1165 304 1409 358 Etymologo
1424 318 1531 344 voce

113 365 283 422 Σκειρᾶ·
311 367 381 409 καὶ
401 363 643 419 Σκειρᾶφια,
673 363 833 417 inquit,
862 361 910 404 τὰ
926 366 1083 416 κνβεῖα·
1111 360 1200 415 ἤτοι
1219 361 1303 403 ἐπεὶ
1319 362 1531 414 σκείραφος

112 427 173 474 τὶς
194 423 296 467 ἐστὶν
317 420 487 477 ὄργανον
502 417 738 474 κυβευτικόν
751 430 763 441 ·
795 415 825 471 ἢ
844 416 923 460 nimi
941 417 1173 470 Σκειράφου
1189 415 1296 465 τινὰς
1311 418 1505 469 κυβεντοῦ
1518 427 1528 437 ’

115 479 166 520 de
181 489 356 524 neutro.
385 477 422 516 si
441 477 604 516 fortean
639 473 741 513 alibi
774 474 965 529 legerim,
1006 472 1189 514 memini.
1229 474 1408 525 placeret
1427 471 1531 510 alias

114 544 213 589 prae
233 533 405 588 reliquis
432 531 562 580 vocis,
595 543 701 584 quae
723 527 984 577 adferuntur,
1015 527 1307 567 notationibus
1323 526 1532 580 οκειρόφια

117 588 296 630 derivari
314 587 365 627 ab
384 587 662 626 instrumento
683 585 897 633 aleatorio,
919 584 987 623 cui
1004 598 1151 623 nomen
1172 584 1398 635 σκείραφος,
1418 582 1533 634 quod

118 644 238 685 vocis
253 643 398 694 etiam,
427 640 498 682 sed
526 639 686 681 diversa
707 642 918 694 paululum
938 639 1136 686 notione,
1168 638 1359 677 nominat
1377 640 1535 676 Eusta-

119 701 244 741 thim.
299 697 381 739 Sed
398 697 679 751 receptissima
698 705 762 735 est
779 695 888 735 inter
907 695 1207 734 Grammaticos
1228 693 1392 746 opinio,
1421 691 1534 732 dieta

120 755 252 795 fuine
278 768 302 794 a
327 753 444 794 Soiro
468 750 717 806 Sciraphia.·
741 750 935 790 nimirum
958 753 1157 790 aleatores
1176 749 1220 788 in
1241 749 1425 798 Scirum,
1462 748 1535 787 ubi

122 812 337 851 Minervae
354 811 551 861 templum
574 817 684 857 erat,
714 805 941 846 convenire
964 807 1202 860 frequentes
1223 803 1435 849 solebant,
1465 804 1537 857 ip-

121 877 294 918 sumque
318 866 530 903 Minervae
556 863 724 909 fanum,
750 871 946 915 tanquam
978 861 1114 901 forum
1137 859 1348 913 quoddam
1370 862 1535 899 aleato-

121 922 244 969 rium,
265 917 458 972 quotidie
477 917 716 958 calefacere.
730 926 770 956 et
782 930 880 956 vero
892 915 994 956 haec
1012 917 1110 955 talia
1133 915 1222 956 fieri
1241 914 1352 954 baud
1378 929 1469 954 raro
1488 915 1534 954 in

124 974 228 1029 ipsis
244 973 407 1013 aedium
423 985 624 1011 sacrarum
637 970 875 1025 propylaeie
896 985 980 1011 uon
1003 971 1230 1011 ducebatur
1244 970 1467 1024 religioni3
1489 971 1535 1009 iu

127 1029 279 1085 quibus
305 1027 428 1069 etiam
457 1041 607 1067 venum
636 1027 862 1065 minutulas
879 1040 1031 1067 merces
1049 1036 1174 1080 atque
1193 1025 1361 1066 bellaria
1377 1040 1539 1079 propo-

126 1084 306 1130 nebant,
344 1082 459 1121 unde
484 1083 727 1122 Phoenicidt
754 1080 864 1135 apud
894 1082 1155 1120 Athenaeum
1183 1085 1405 1133 προπυλαῖα
1428 1080 1540 1120 dicta

133 1147 273 1180 censet
291 1136 511 1192 cupedias,
540 1136 650 1192 quod
676 1138 719 1175 in
742 1139 986 1190 templorum
1008 1137 1236 1176 aliorumve
1252 1139 1438 1175 locorum
1457 1150 1542 1190 pu-

131 1193 336 1234 blicorum
356 1192 574 1233 vestibulis
602 1202 855 1239 emerentur,
883 1193 948 1231 vir
977 1206 1157 1231 summus
1179 1193 1233 1233 Ie.
1260 1192 1543 1246 caccaborum,-

130 1251 175 1290 iu
198 1261 318 1303 quem
338 1247 462 1288 etiam
484 1247 796 1301 spurcissimum
827 1262 980 1286 morem
1009 1261 1071 1287 res
1098 1246 1400 1301 degenerarunt
1430 1247 1543 1300 apud

126 1303 318 1353 ludaeos,
347 1302 411 1340 uti
429 1311 573 1341 notum
601 1317 654 1341 ex
676 1303 929 1356 Evangelicu
957 1301 1146 1342 historin.
1186 1302 1398 1355 appositas
1428 1316 1542 1355 quo-

129 1372 213 1414 que
235 1356 457 1398 vilioribus
485 1356 701 1396 hominum
725 1358 877 1397 ibidem
902 1357 987 1397 loci
1007 1371 1178 1407 coenas,
1210 1357 1409 1410 colligere
1436 1357 1543 1396 mihi

126 1412 276 1455 videor
300 1427 354 1453 ex
383 1413 592 1464 Diogene,
629 1412 674 1450 in
709 1413 849 1464 fynici
876 1413 1139 1467 cognominis
1162 1413 1253 1452 vita
1271 1412 1345 1462 VI,
1366 1411 1431 1454 64.
1490 1414 1542 1452 In

129 1468 292 1511 Scirum
309 1477 444 1508 autem
464 1471 664 1507 aleatores
685 1469 785 1508 urbe
807 1468 950 1509 relicta
970 1469 1179 1509 secessisse
1198 1467 1400 1517 arbitror,
1430 1468 1544 1522 quod

127 1522 306 1564 Athenis
329 1537 401 1576 per
423 1537 580 1562 morum
603 1537 791 1564 censores
818 1524 955 1562 minus
985 1533 1091 1563 esset
1109 1533 1245 1562 tutum
1276 1524 1362 1563 ales
1386 1524 1544 1574 ludere,

127 1579 202 1619 cui
228 1577 393 1632 pondus
423 1578 584 1618 accedit
614 1592 635 1616 a
662 1579 862 1618 Romanis
890 1578 1078 1632 legibus,
1119 1578 1272 1633 quibus
1293 1582 1381 1618 alea
1402 1578 1546 1619 ludere

131 1634 371 1689 permissum
391 1647 476 1672 non
495 1643 594 1678 erat,
625 1633 832 1674 videndus
849 1644 911 1674 est
930 1635 1124 1687 Hydaeue
1137 1635 1181 1672 in
1192 1637 1322 1672 Aleae
1338 1637 1545 1674 Historia.

133 1699 176 1730 et
195 1689 320 1729 etiam
329 1689 566 1728 Aristoteles
577 1689 686 1728 inter
706 1691 990 1743 αἰσχροκερδεῖς
1002 1692 1201 1729 aleatores
1222 1690 1443 1744 coniungit
1454 1703 1551 1742 pes-

131 1743 247 1784 simis
264 1742 504 1783 hominibus
519 1743 763 1793 λωποδύταις
781 1755 824 1785 et
848 1750 1025 1796 λῃσταῖς,
1058 1745 1127 1784 cui
1149 1745 1548 1797 praestantissimum

132 1797 504 1840 Nicomacheorum
546 1800 818 1851 Interpretem
856 1801 1140 1839 Andronicum
1176 1799 1246 1839 lib.
1275 1801 1348 1840 IV.
1387 1814 1476 1853 cap.
1508 1813 1546 1841 2.

134 1853 254 1896 oddo.
290 1862 333 1894 et
354 1853 387 1892 ii
406 1865 515 1895 certe
537 1857 637 1895 tales
657 1856 700 1894 in
719 1855 931 1909 republica
958 1856 1188 1896 constituta
1206 1854 1310 1895 bene
1331 1870 1416 1894 non
1438 1858 1549 1895 tole·

134 1919 290 1950 rentur.
353 1910 422 1950 De
454 1908 573 1951 Scito
608 1913 834 1951 aleatorum
873 1911 1156 1950 conciliabulo
1199 1909 1407 1964 dictisque
1450 1911 1550 1950 inde

136 1965 365 2018 Scirsphiis
385 1970 544 2016 praeter
562 1975 748 2004 nostrum
762 1968 988 2014 Pollucem,
1008 1967 1178 2015 Saldae,
1192 1967 1368 2014 Heeych.
1382 1969 1550 2018 Har-po-

136 2023 268 2059 craeio
284 2035 336 2060 ex
353 2021 569 2059 Dinon-ho
586 2020 779 2061 adversus
796 2024 1039 2071 Proxenum,
1059 2031 1100 2062 et
1118 2023 1395 2075 Elymologus,
1432 2024 1551 2060 cuius

136 2075 320 2142 Rroferre
337 2075 460 2115 verba
479 2076 609 2127 lubet,
632 2077 745 2129 quod
758 2091 850 2116 cum
869 2078 1078 2117 Polluceis
1097 2078 1282 2130 apprime
1302 2078 1552 2117 concinant:

136 2147 164 2184 η
177 2128 234 2175 ὅτι
253 2131 296 2172 ἐν
312 2135 366 2187 τῷ
374 2135 440 2182 τῆς
461 2130 678 2184 Σκειράδος
695 2130 867 2185 Ἀθηνᾶς
886 2135 976 2190 ἱερῷ
985 2136 1027 2175 οἷ
1042 2134 1226 2187 κυβευταὶ
1245 2134 1417 2181 ἔπαιζον·
1446 2146 1553 2185 quae

137 2185 302 2225 scilicet
323 2186 472 2239 positis
489 2188 679 2240 superius
700 2187 906 2243 adiungit.
964 2188 1023 2228 Ab
1046 2188 1124 2227 hac
1144 2198 1206 2228 est
1232 2188 1409 2241 origine,
1438 2187 1553 2240 quod

140 2241 184 2280 iu
202 2239 405 2295 Hesychia
423 2243 519 2296 lego
540 2247 801 2296 Σκειραφεῖν,
837 2250 1177 2298 κακοπραγμονεῖν
1193 2253 1236 2283 et
1254 2242 1484 2296 Σκειράτες,
1517 2245 1559 2284 οἱ

140 2299 346 2348 π’ραυνικοὶ
363 2298 429 2338 καὶ
452 2301 652 2350 κυβευταὶ,
684 2299 729 2336 in
755 2298 905 2357 quibus
930 2297 1232 2353 posterioribus
1258 2311 1356 2338 cave
1375 2298 1472 2345 tibi,
1502 2312 1555 2336 ue

143 2364 234 2390 cum
253 2351 458 2391 salmasio
479 2352 686 2406 Σκειράται
701 2355 919 2394 restituere
947 2356 1074 2402 velis,
1114 2363 1187 2392 aut
1207 2367 1299 2391 cum
1318 2357 1436 2395 lunio
1456 2370 1558 2408 πορ-

143 2407 246 2447 νικοὶ
264 2421 338 2460 pro
359 2411 590 2459 προυνικοί·
630 2407 723 2448 nam
747 2416 788 2448 et
807 2411 992 2463 πορνικοὶ
1010 2409 1180 2448 nomine
1202 2414 1431 2461 προυνικῶν
1451 2423 1558 2448 con-

147 2460 270 2499 tineri
289 2472 478 2514 possunt.
509 2462 607 2502 audi
622 2465 873 2516 Heeychium
894 2466 938 2503 in
960 2467 1166 2505 Σκίταλυι·
1207 2460 1285 2504 «ind
1301 2470 1376 2506 τῶν
1393 2461 1557 2518 Ἀφρο-

148 2516 280 2557 δισίων
298 2519 363 2559 καὶ
381 2522 450 2569 τῆς
464 2521 698 2572 προυνικίας
714 2517 786 2572 τῆς
811 2524 1041 2572 νυκτερινῆς
1064 2516 1190 2566 θεοὺς
1214 2517 1323 2569 τινὰς
1348 2520 1558 2574 ἐσχημάτι-

149 2582 238 2612 σεν·
266 2571 337 2612 sed
356 2572 456 2612 alibi
483 2573 562 2613 ista
580 2573 631 2616 de
652 2588 756 2616 voce
782 2575 1051 2630 locupletius.
1110 2573 1286 2617 Videtur
1304 2577 1446 2632 itaque
1463 2576 1558 2616 Sci-
