1690 2996
713 100 765 139 x.
822 100 889 142 54.
1069 86 1074 89 ’
1402 97 1508 137 1439

101 212 147 252 iu
162 211 249 265 ipsa
266 209 392 250 huius
403 210 519 250 vocis
533 208 762 262 scriptione
774 208 1000 248 Gramatiei
1021 204 1238 246 differunt.'
1264 203 1507 246 Ammonius

98 268 207 308 enim
225 263 392 318 ψέλλιον
409 280 482 319 per
501 264 653 318 duplex
675 270 697 306 λ
716 264 958 313 exarat‚ubi
978 262 1255 302 diversitatem
1274 261 1362 300 eius
1380 264 1506 311 οψελ-

95 320 384 373 λίφοεῑειιᾶἰι,
414 321 516 374 quin
545 329 586 359 et
601 321 762 371 ψέλλιον
787 319 985 358 scribitur
1013 319 1057 356 in
1080 318 1247 357 Polluce
1267 324 1410 354 nostro
1432 313 1503 353 lib.

94 376 130 418 I.
153 375 265 431 quod
286 375 323 414 si
345 377 562 415 Ammonio
580 374 796 422 restituas,
826 377 920 426 plus
952 373 1035 426 ipsi
1055 371 1231 411 rationis
1250 370 1403 416 fuerit,
1432 383 1505 408 ea-

94 429 265 471 rundem
290 430 501 471 literarum
531 429 726 470 vocabuli
754 428 960 482 duplicem
986 427 1198 467 notionem
1221 426 1324 466 bene
1341 425 1505 478 dispes-

95 499 200 530 cere.
237 485 348 538 quod
382 494 517 524 autem
550 483 658 537 apud
680 499 771 524 eum
795 483 963 523 additur
983 497 1006 522 e
1039 482 1264 534 Tryphone,
1304 479 1354 519 de
1369 482 1505 532 ψὶλαις

93 549 135 581 et
154 539 311 580 Dorica
333 553 436 580 voce
455 554 530 593 pro
551 539 779 594 nugacibus
798 538 918 578 duco.
984 537 1229 587 Xenophon:
1257 533 1504 589 ῥυταγωγεῦς

76 596 135 638 ’ἐκ
152 600 221 648 τῆς
234 592 524 649 ὖποχαλινιόίας
547 591 575 647 ἢ
604 597 646 636 ἐκ
674 598 748 636 τοῦ
778 595 924 643 ψαλίου
952 591 1179 645 ἠρτημένας.
1237 589 1406 644 Πνιγεὺς
1420 592 1501 628 He-

79 651 227 704 ⁴,cynthio
239 679 252 699 ,
282 647 304 693 ὅ
321 649 441 703 parade
455 655 532 692 τῶν
547 654 717 700 κτηνῶν·
742 649 1006 701 Etymologue
1028 648 1323 698 interpretatur
1343 643 1410 688 τὸν
1433 662 1502 696 φι-

91 704 168 759 μόν
186 709 262 748 τῶν
276 702 508 760 ὑποζυγίων,
540 704 738 758 additque
754 705 1054 754 Aristophanis
1074 702 1187 740 illem
1205 704 1354 753 χρῆσιν·
1384 702 1501 751 Περὶ.

89 766 161 810 &sc
180 765 330 816 σεαυτῷ
347 759 416 803 τὸν
431 762 577 815 πνιγέα.
606 760 745 814 πνιγέα
756 759 923 799 Graecis
946 757 1117 798 omnino
1148 755 1343 795 existimo
1355 755 1498 805 fuisse,

93 828 198 868 quae
214 818 410 868 postomia
430 817 615 856 Lucilio:
645 823 685 854 et
699 814 866 868 saepius
885 823 969 861 est,
1001 811 1076 852 ubi
1092 811 1154 851 sie
1171 810 1266 864 capi
1287 809 1409 850 debet
1426 827 1502 864 φι-

91 868 176 924 μός,
205 870 318 925 quod
333 869 435 909 alibi
451 869 673 911 ostendam.

200 934 371 989 κημοῦς,
409 933 565 988 φιμοὺς,
593 935 704 987 etc.]
742 934 861 989 Quae
888 942 1120 987 sequuntur
1135 941 1177 972 et
1196 945 1319 985 supra
1341 931 1377 978 1,
1408 930 1499 977 185.

94 990 312 1029 iniuncta
329 990 453 1029 habe·
475 992 579 1030 fere:
618 991 748 1042 κημοὶ,
775 990 925 1042 φημοὶ,
954 999 994 1028 et
1015 990 1146 1041 ἔποχα,
1177 988 1356 1038 ἐφίππια,
1386 984 1499 1041 σᾶγη.

94 1045 165 1084 sic
185 1045 294 1084 enim
312 1059 432 1096 supra
455 1053 538 1084 est:
575 1044 645 1083 ubi
677 1054 810 1083 tamen
835 1057 998 1098 quoque
1019 1045 1131 1095 φιμοὶ
1157 1041 1374 1095 legendum
1395 1042 1500 1082 dixi.

94 1099 237 1153 iungit
254 1113 299 1140 ea
319 1101 464 1138 Noster
485 1099 705 1152 aliquoties
726 1099 824 1139 etin
852 1100 930 1138 alia
953 1098 1143 1148 materia,
1184 1095 1335 1149 κημοὺς
1364 1106 1405 1136 et
1427 1114 1500 1150 φι-

92 1152 191 1208 poag-
213 1154 403 1206 inquam,
439 1163 486 1193 ut
507 1168 627 1205 supra
647 1154 742 1202 VII,
767 1153 861 1194 205.
902 1162 942 1192 et
971 1167 1092 1206 supra
1123 1165 1246 1206 segm.
1274 1153 1361 1194 150.
1391 1162 1501 1192 certe

92 1222 166 1262 per
189 1209 310 1250 uleS.
335 1219 376 1248 et
397 1209 465 1247 hic
493 1209 654 1255 habeat,
693 1210 879 1260 quamvis
909 1209 1022 1261 prius
1043 1206 1149 1246 editi
1176 1206 1355 1259 φημούς,
1386 1206 1500 1260 quod

91 1264 259 1302 seberus
277 1272 414 1303 noster
434 1263 538 1302 bene
561 1264 754 1304 mutavit.
812 1263 907 1316 Ipsa
928 1276 1000 1300 sua
1017 1263 1121 1301 serie
1145 1263 1391 1314 Hesychius:
1425 1264 1500 1303 ‹m-

93 1334 158 1372 poe,
187 1315 325 1371 κημὸς,
349 1316 627 1371 παραστόμιον,
653 1317 795 1370 φιμός·
823 1317 934 1356 unde
965 1316 1132 1356 verbum
1153 1319 1301 1368 φιμοῦν
1321 1316 1497 1358 ibidem:

91 1375 262 1425 ἔφιππον
280 1386 377 1412 vero
401 1374 459 1412 ita
479 1383 520 1412 et
539 1374 630 1413 MS.
650 1373 791 1425 habet,
820 1382 1005 1428 putoque
1026 1371 1071 1411 id
1088 1371 1261 1426 probum
1280 1385 1381 1422 esse,
1412 1386 1497 1412 nou

91 1427 227 1468 miuus
240 1442 287 1467 ae
303 1429 525 1480 ἐφίππειον.
581 1435 683 1471 Iuno.

197 1494 354 1548 ψαλία]
385 1493 431 1535 C.
450 1495 497 1534 A.
513 1497 693 1546 ψαλίους.
750 1501 891 1534 Kumm.

197 1550 347 1602 ψαλία]
374 1554 495 1601 ψαλια
517 1550 560 1588 in
582 1549 679 1590 MS.
699 1549 788 1589 sine
809 1558 997 1590 accentu.
1026 1549 1104 1588 alia
1124 1562 1267 1588 manus
1287 1546 1413 1599 ψ’ἇλια
1432 1549 1501 1588 fe-

95 1603 165 1644 cit.
220 1604 342 1657 Apud
363 1605 611 1657 Hesychium
632 1604 754 1644 etiam
772 1607 894 1655 ψαλία
915 1614 990 1653 est,
1022 1614 1063 1643 et
1074 1606 1231 1657 ψαλίον.
1265 1605 1322 1645 Η.
1334 1605 1501 1652 Stepha-

95 1672 147 1697 no
168 1661 302 1712 placet
323 1659 688 1712 p'ro'paroxytonms
707 1660 880 1699 seribere
897 1674 1038 1699 vocem
1051 1692 1063 1711 ‚
1092 1670 1139 1698 ut
1159 1660 1202 1697 iu
1224 1660 1317 1702 MS,
1338 1659 1502 1712 reposi-

96 1722 181 1752 tum
199 1723 408 1753 accentum
430 1714 631 1754 indicavi.
690 1714 798 1754 Vide
818 1716 906 1754 eius
926 1714 1194 1765 Thesaurum‚
1223 1714 1296 1753 ubi
1316 1717 1433 1768 plura
1451 1713 1501 1755 de

95 1767 161 1807 his
173 1771 333 1822 ψαλίοις
352 1783 588 1824 cognosces.
646 1776 755 1811 que.

198 1835 398 1890 πνιγέας.]
436 1836 517 1875 Pro
536 1836 693 1890 πνιγέας
718 1835 821 1889 legit
846 1833 891 1875 C.
912 1834 961 1874 A.
988 1836 1124 1883 πνίτας
1146 1831 1199 1884 ὥς
1217 1830 1503 1889 Ἀριστοφάνης

95 1887 137 1931 ἓν
155 1887 361 1946 Ἀναγύρῳ
391 1887 547 1943 φάλαρα
575 1888 750 1941 παρώτια
773 1887 942 1941 ἆνθήλια
969 1891 1209 1945 ἐγκεντρίδας
1235 1891 1275 1933 δὲ
1301 1896 1384 1941 τοῖς
1410 1892 1502 1933 ποσὶ

94 1943 191 1988 aava
208 1943 277 1994 τὰς
295 1947 478 1998 πτέρνας·
510 1946 666 1999 reliqua
687 1945 834 1999 capitis
855 1945 1016 1985 absunt.
1074 1953 1213 1985 Komm-

107 2063 109 2065 .
204 2013 271 2054 καὶ
286 2011 359 2068 γὰρ
376 2011 442 2054 τὸν
458 2013 621 2067 πνιγέα]
653 2012 744 2053 MS.
765 2013 830 2053 καὶ
846 2009 983 2053 τὸνπν.
998 2012 1149 2052 omisso
1167 2011 1262 2067 γάρ’
1292 2026 1376 2052 non
1391 2021 1500 2065 apte,

97 2068 143 2108 ni
161 2067 295 2111 fallor.
350 2067 576 2120 Hesychius
593 2067 716 2108 alias:
750 2065 930 2120 Πνιγεῦς,
960 2064 980 2109 ὅ
1001 2066 1120 2119 φιμός
1138 2072 1213 2109 τῶν
1228 2073 1392 2119 κτηνῶν.
1447 2068 1503 2104 Et

97 2125 154 2165 H.
183 2122 373 2175 Stephan.
403 2123 612 2162 Thesauro
642 2122 684 2159 in
714 2137 788 2161 suo
819 2123 910 2162 Vet.
935 2123 1095 2162 Lexico
1116 2122 1212 2161 addi
1232 2123 1345 2161 hunc
1366 2125 1502 2160 locum

98 2178 386 2230 Aristophanis
412 2177 493 2228 ait,
532 2180 692 2230 περίθες
721 2182 870 2233 σεαυτῷ
897 2178 964 2219 τὸν
994 2179 1149 2232 πνιγέα,
1179 2177 1418 2229 exponique
1434 2174 1502 2217 τὸν

100 2231 232 2286 φιμόν.
287 2234 328 2272 Is
353 2235 470 2272 locus
498 2247 546 2271 an
575 2247 626 2270 ex
652 2233 874 2286 Anogyro‚
913 2235 978 2272 vel
1003 2233 1082 2271 alia
1113 2233 1252 2284 potius
1277 2231 1502 2271 Comoedia

102 2287 342 2340 superstite,
371 2302 448 2342 ego
469 2287 632 2340 quidem
652 2289 815 2338 nescio,
849 2287 920 2342 qui
952 2286 1021 2328 τὸν
1041 2284 1309 2340 Ἀριστοφάνη
1334 2283 1380 2327 οὗ
1403 2283 1503 2338 μάλα

100 2340 310 2395 πεπάτηκα.
367 2344 433 2381 Τιι
466 2343 515 2382 de
543 2341 748 2399 Ἀναγύρῳ
787 2348 850 2392 (ut
883 2351 924 2382 et
956 2342 1026 2381 hic
1054 2343 1097 2380 in
1127 2343 1242 2393 MS.)
1266 2342 1428 2389 fabula,
1457 2350 1504 2380 ut

102 2398 265 2494 {aepius
289 2396 400 2447 dixi,
436 2407 555 2451 potes
585 2397 728 2438 videre
750 2398 1036 2437 casaubonum
1059 2406 1246 2437 nostrum
1259 2397 1333 2437 IV.
1354 2397 1503 2439 Athen.

131 2478 142 2491 .
194 2457 371 2492 Ιιηῐοεωνι.

210 2515 251 2558 ἐν
267 2518 289 2540 *
304 2513 538 2573 ’Δναγύρῳ]
565 2520 694 2558 Salm.
725 2518 888 2568 Codex,
910 2519 953 2561 ἐν
974 2515 1110 2576 ἀνύρφ
1130 2520 1246 2559 male.
1300 2524 1440 2558 Kumm.
