1716 3016
676 132 752 177 lx.
811 138 878 181 12.
1423 139 1506 180 877

71 246 193 300 sinidi
206 241 413 303 Ἀγροτέρᾳ
432 244 498 288 ixl
514 247 614 303 τῷδε
631 249 689 303 τῷ
703 243 878 301 κτήματι,
898 245 1105 300 praecipit
1113 246 1327 287 Arrianus
1341 254 1384 286 et
1396 258 1500 299 quo·

75 317 157 358 que
178 302 402 354 Xenophon
426 301 476 341 de
498 301 756 353 Venatione,·
785 316 920 355 eoque
940 302 1086 342 maiori
1106 301 1249 342 studio
1268 300 1370 341 huic
1383 301 1500 342 Deae

0 374 6 394 .’
26 404 30 408 .
74 357 355 412 operabantur
376 366 607 405 venatores,
638 358 753 411 quod
771 361 962 412 neglecta
981 356 1325 411 κορυβαντιασμὸν
1344 357 1499 397 immit-

71 423 159 455 tere
175 422 405 467 putatetur‚
433 413 553 451 cuius
576 412 690 452 modi
714 413 907 455 infelices
927 415 1088 454 furores
1108 413 1296 454 montani
1318 427 1416 466 prae
1433 426 1498 452 ce-

0 454 12 557 '
71 469 174 510 teris
201 468 378 509 iniicere
411 467 685 508 censebantur
713 469 820 518 Dii,
857 479 1141 525 praeterquam
1181 468 1295 524 quod
1325 467 1498 508 eandem

11 533 29 558 -’
72 524 340 565 aestimarent
359 525 553 563 Dianam
572 533 614 564 et
631 523 838 564 Hecaten.-
875 535 918 566 et
940 539 1038 566 vero
1060 525 1301 578 saepissime
1319 523 1498 564 historia

71 579 275 620 fabularis
297 588 578 631 exasperatam
600 579 723 619 nobis
739 579 909 621 exhibet
939 582 1132 621 Dianam
1157 581 1267 620 feras
1289 580 1332 619 in
1353 581 1497 632 plenas

11 632 14 634 ’
71 636 307 675 concitasse
332 649 373 676 se
405 643 503 675 etes.
565 635 778 676 Coluissse
810 646 952 686 autem,
968 636 1040 691 τὴν
1062 634 1292 692 Ἀγροτέραν
1315 634 1498 675 Ambra-

72 690 207 731 ciotas
237 705 292 732 ex
316 649 505 730 Lifferali
525 690 606 733 fab.
632 705 696 731 iv.
721 692 916 745 colligere
946 692 1067 732 licet:
1107 692 1178 733 sed
1218 692 1333 731 illius
1359 689 1496 730 cultui

69 747 294 801 praecipue
311 745 500 786 addictos
522 747 654 786 fuisse
683 745 963 787 Athenienses
982 747 1109 787 tradit
1126 748 1372 787 Scholia-stes
1385 746 1496 786 Art-

0 794 10 807 *
70 803 296 854 ampliante.
346 802 538 842 meminit
568 802 805 843 Herodotus
833 804 905 842 ubi
940 803 1215 845 Athenienses
1244 804 1370 844 refert
1395 812 1496 841 vota

71 857 222 898 fecisse
246 856 348 900 huic
366 859 486 900 Deae
505 869 602 898 ante
629 860 831 911 praelium
855 860 1176 899 Marathoniam
1191 868 1256 900 tot
1272 872 1316 899 se
1336 855 1495 897 hoedos

71 913 360 953 immolaturos
378 928 479 963 esse,
509 924 610 968 quot
634 914 887 955 occidissent
909 915 1117 966 hostium,
1151 928 1324 970 cumque
1343 926 1497 952 nume-

71 969 155 1008 rari
176 982 265 1008 non
288 979 471 1022 possent,
503 968 575 1021 qui
596 969 844 1021 ceciderant,
864 969 1019 1015 hostes.
1047 970 1329 1011 Athenienses
1353 967 1496 1008 decre-

72 1031 118 1062 to
135 1022 320 1064 sanxisse
331 1025 557 1077 quotannis
578 1025 831 1079 quingentos
845 1026 1102 1066 immolatum
1124 1026 1175 1065 iri
1195 1024 1370 1066 hoedos.
1398 1034 1495 1063 tan-

74 1079 137 1133 git
160 1077 270 1118 hanc
297 1078 514 1119 historiam
545 1094 596 1119 ex
624 1080 855 1127 Herodem.
895 1090 942 1121 ut
968 1091 1131 1135 carpat,
1168 1080 1420 1121 Plutarchus
1442 1078 1494 1120 de

72 1135 253 1186 Malign.
274 1133 423 1174 Herod.
449 1149 532 1188 quo
546 1135 649 1186 iure,
676 1149 810 1188 quave
825 1137 977 1176 iniuria
990 1151 1075 1176 non
1090 1136 1302 1185 examino,
1332 1144 1372 1175 et
1386 1149 1495 1187 quo-

74 1202 157 1242 que
189 1191 370 1244 reperies
396 1197 507 1243 epm?
535 1191 763 1230 Libanium
795 1193 911 1231 Orat.
946 1207 1092 1233 xxxix.
1122 1206 1245 1246 quam
1277 1189 1494 1242 inscripsit

70 1246 285 1286 Dianam:
317 1246 486 1299 utrique
510 1245 583 1297 τήν
611 1244 840 1301 Ἀγροτέραν
874 1247 1107 1290 nominant.
1163 1249 1220 1286 Et
1251 1261 1355 1287 vero
1391 1244 1494 1300 quid

69 1298 191 1350 miri,
228 1300 266 1340 ai
293 1299 572 1342 Athenienses
605 1302 868 1343 Venatricem
896 1305 1088 1342 Dianam
1121 1303 1309 1343 venerati
1334 1301 1495 1340 fuerint

69 1355 244 1402 eximie,
275 1370 368 1396 cum
392 1357 436 1396 in
464 1357 598 1397 Attica
616 1358 791 1412 regione
815 1360 929 1398 Delo
955 1359 1192 1399 venientem
1215 1359 1394 1411 primum
1418 1370 1494 1396 ve-

2 1433 10 1438 ·
69 1421 206 1450 natam
229 1411 361 1452 fuisse
378 1411 656 1466 perhibeatur,
673 1412 856 1467 indeque
874 1418 992 1454 locus
1005 1429 1157 1455 nomen
1176 1411 1495 1468 retinuitssyooes

69 1475 183 1506 trans
211 1466 377 1507 Ilissum
391 1497 403 1516 ,
443 1468 516 1507 ubi
537 1479 581 1523 et
600 1472 799 1522 templum
818 1470 902 1509 fuit
925 1474 993 1524 τῆς
1010 1467 1238 1526 Ἀγροτέρας
1255 1466 1488 1523 Ἀρτέμιδος,

70 1532 263 1562 narrante
294 1525 514 1563 Pausania
541 1524 585 1563 in
614 1525 769 1564 Atticis
798 1540 886 1580 cap.
914 1539 970 1582 ¹9·
995 1527 1099 1578 quin
1118 1526 1295 1566 forsitan
1318 1524 1398 1564 hoc
1421 1524 1490 1577 ip-

70 1591 160 1620 sum
189 1581 387 1632 templum
413 1580 552 1620 voluit
581 1580 752 1631 Pollux,
793 1581 888 1621 dum
910 1582 1083 1621 subiicit
1101 1580 1144 1625 τὸ
1167 1586 1238 1635 τῆς
1253 1578 1491 1637 ’Λγροτέρας

69 1633 251 1685 τέμενος,
292 1634 496 1689 siquidem
526 1650 590 1676 res
622 1636 784 1676 Atticas
812 1647 1009 1677 memoret
1040 1640 1300 1691 plerumque.
1356 1637 1489 1676 Porro

69 1686 195 1728 huius
222 1691 398 1728 Dianae
425 1691 614 1730 meminit
643 1691 931 1732 Artemidorus
958 1693 1175 1734 Oneirocr.
1195 1692 1268 1732 lib.
1294 1707 1346 1733 n.
1370 1706 1404 1731 c.
1422 1689 1487 1733 55.

69 1747 110 1794 ὓ.
125 1743 163 1786 4.
218 1745 298 1786 Sed
313 1759 545 1786 emansores
563 1761 715 1786 sumus.
864 1743 867 1745 ’

70 1846 77 1852 ,
177 1799 367 1856 ἄγροικον
385 1803 515 1855 μέλοςἹ4
537 1803 641 1843 Inde
659 1805 715 1844 Η.
736 1804 926 1855 stephan.
948 1804 1168 1859 agrestium
1191 1819 1263 1846 seu
1284 1803 1491 1859 agricola-

56 1859 175 1906 rum,
204 1865 276 1896 aut
299 1859 421 1898 etiarn
443 1867 653 1910 postorum
674 1872 836 1899 carmen
857 1858 994 1914 ι’ἷγριον
1013 1862 1138 1910 μέλος,
1170 1872 1211 1900 et
1232 1858 1374 1915 ἀγρίαν
1391 1863 1489 1912 μοῦ-

6 1924 31 1996 σῒι
68 1924 143 1956 σαν
171 1912 251 1952 vix
275 1923 385 1953 recte
421 1915 621 1967 appellari
647 1915 820 1965 scribit,
862 1916 973 1969 quod
1002 1914 1140 1971 ἄγριον
1162 1922 1308 1970 μᾶλλον
1333 1917 1395 1959 ἐπὶ
1416 1919 1490 1957 τοῦ

0 1970 32 2020 ᾗῃς
69 1972 223 2010 unaco.
252 1967 456 2011 animadv.
478 1970 521 2007 in
542 1969 673 2023 Adag.
697 1972 868 2009 Erasmi
897 1974 974 2012 col.
1002 1971 1067 2014 51.
1094 1973 1330 2011 Mnasalces
1349 1982 1486 2010 tamen

0 2018 33 2087 ,ᾖ
66 2043 123 2067 :-
143 2020 170 2066 ἇ
188 2019 230 2066 δ’
251 2020 368 2079 α’γρία
387 2022 504 2076 μοῦσ’
529 2026 570 2066 ἒν
589 2024 671 2078 ὄρει
686 2027 858 2075 νέμεται·
897 2028 1064 2068 ΛηιΙιοΙ.
1091 2043 1122 2073 1,
1160 2026 1199 2070 5.
1224 2026 1335 2081 quod
1363 2028 1484 2068 Γαῖα.

0 2127 3 2134 y
65 2079 254 2124 ,Ursinus
280 2080 424 2131 eodem
452 2079 619 2123 videtur
649 2082 839 2135 accipere
868 2096 1013 2129 sensu,
1053 2099 1135 2137 quo
1165 2086 1390 2124 silvestrem
1415 2091 1487 2120 aut
1531 2096 1534 2100 ’

0 2144 14 2182 r'
41 2143 270 2187 ..agrestem
294 2136 462 2174 Musam
491 2136 637 2174 dicunt
667 2138 888 2177 Lucretius
916 2139 1038 2187 (libro
1069 2148 1238 2192 quarto,
1269 2137 1361 2192 595.
1383 2146 1484 2184 etv,

39 2193 45 2200 ⁵
66 2189 214 2238 1400.)
232 2199 274 2230 et
297 2191 447 2242 Virgil.
471 2194 571 2238 (Ecl.
595 2207 625 2242 1,
648 2206 682 2233 1.
700 2202 740 2232 et
762 2193 801 2240 5,
822 2192 880 2244 8.)
919 2196 1154 2233 Theocritus
1181 2205 1316 2234 autem
1335 2196 1489 2245 βουκο-

0 2243 2 2285 s
37 2243 202 2301 {luade
215 2242 366 2296 ὕμνους
384 2247 636 2314 Epigramm.
661 2261 694 2288 2.
725 2247 806 2289 Sed
829 2249 913 2288 alio
934 2264 1057 2289 sensu
1075 2249 1266 2289 Iulianus
1284 2248 1399 2303 ι’ἱγρια
1420 2249 1487 2301 μέ-

59 2300 289 2355 &tribuit
305 2308 387 2350 τοῖς
405 2303 503 2356 νπὲρ
518 2300 669 2355 Ῥῆνον
686 2302 912 2358 βαρβάροις,
939 2306 1193 2357 παραπλήσια
1210 2311 1291 2352 ταῖς
1307 2309 1490 2357 κλαγγαῖς

53 2359 296 2410 χίκρωγμοῖς)
311 2362 388 2398 τῶν
410 2356 531 2410 τραχύι
554 2356 737 2411 βοώντων
756 2356 933 2412 ὄρνίθων
947 2374 956 2383 ·
987 2361 1030 2398 in
1059 2364 1210 2412 Mis-op.
1232 2360 1364 2411 princ,
1386 2360 1485 2400 fere.

39 2408 180 2467 :gffiunt
198 2411 322 2463 enirn,
344 2427 449 2466 quae
468 2415 726 2465 Eginlzartus
739 2416 783 2454 in
798 2416 881 2455 Vit.
906 2418 1048 2454 Caroli
1066 2419 1126 2456 M.
1150 2427 1272 2456 vocat
1290 2416 1490 2462 Barbara

0 2469 272 2523 [firme-mina.
298 2467 389 2507 vid.
411 2470 446 2508 I.
465 2471 607 2520 Lipsii
624 2470 785 2511 Not.=v.
810 2471 853 2508 in
877 2473 1015 2511 Germ.
1043 2475 1194 2510 Taciti.
1242 2477 1321 2511 San.

14 2524 26 2530 ”
181 2523 350 2575 τὴντῶν
378 2524 552 2566 αἰπόλων
574 2525 684 2576 etc.]
715 2527 762 2565 C.
794 2527 841 2567 A.
858 2529 925 2568 καὶ
945 2526 1118 2568 αἰπόλων
1139 2544 1179 2569 τε
1199 2544 1235 2568 κ.
1255 2544 1296 2570 π.
1322 2528 1401 2568 etc.
1438 2523 1485 2567 οὐ

76 2579 230 2628 φαῦλον
257 2575 296 2622 δ’
324 2576 374 2621 ἂν
402 2587 627 2634 προσειπεῖν
653 2582 710 2635 εἴη
734 2580 792 2623 ὅτι
819 2584 884 2625 καὶ
911 2580 1038 2636 Βήλου
1060 2586 1192 2633 Νῐκος
1208 2582 1276 2626 τὸν
1297 2581 1422 2626 αὑτοῦ
1444 2599 1484 2624 π.

0 1689 33 1925 ψήτ-Μιῑζᾊ
7 1651 26 1666 .·
6 1619 11 1627 ’
