1716 3016
188 126 300 175 1054
807 126 882 172 IX..
939 131 965 172 7
968 132 1011 173 8.

188 247 259 278 tur
280 236 317 277 si
338 237 432 292 quis
454 237 711 278 nominatam
731 252 754 279 a
772 237 1115 291 Myrmidonibus
1133 240 1291 292 populo
1310 244 1476 280 censeat
1500 237 1618 279 fabu-

187 293 284 335 lain.
324 294 409 332 fuit
433 293 549 344 alias,
579 308 707 349 quum
731 295 1003 336 coniectarem
1019 293 1242 345 chdciot,
1273 293 1480 349 siquidem
1498 301 1620 348 Μυρ·

187 344 358 402 μηδώιες
385 363 462 390 nec
490 349 536 387 in
567 351 798 398 Athenaeo,
827 365 903 391 nee
932 352 1088 398 Suida‚
1118 351 1255 390 aliove
1277 350 1476 404 quopiam
1495 365 1620 403 repe-

187 404 264 444 riri
281 405 420 444 sciam.
459 419 594 460 neque
617 405 742 445 alium
762 406 843 446 hoc
860 407 1050 446 Pollucis
1078 407 1217 446 nostri
1231 409 1371 446 locum
1405 405 1620 446 casaubo-

188 474 266 499 nus
287 460 454 500 adtulit.
485 459 723 510 Μακεδόνες
741 476 840 502 vero
869 461 1011 502 fabula
1032 461 1256 502 Serantdis
1285 460 1519 506 notissima.
1547 461 1620 502 sed

189 529 244 554 ne
275 515 378 569 quid
410 517 536 556 nimis
567 517 829 558 temerarium
859 532 881 558 a
907 517 1031 558 nobis
1063 516 1222 557 dictum
1251 517 1356 566 siet,
1387 531 1621 558 caveamus.

189 570 335 623 Ipsum
366 572 522 622 Comici
552 575 692 612 locum
715 573 933 613 infelicius
952 583 1134 615 tentasse
1151 573 1382 612 Kuehnium
1407 572 1622 612 Eruditis-

187 626 361 678 simum,
399 638 528 682 atque
561 629 807 681 exposuisse
837 628 1049 669 existimo.
1096 639 1158 669 est
1183 638 1224 669 et
1251 628 1296 667 in
1341 627 1467 670 MSS.
1495 629 1621 668 naevi

188 681 398 737 quiddam.
430 684 488 722 ita
524 685 738 723 constituo
772 693 927 724 totum:
957 683 1031 727 Ἐν
1056 686 1140 734 τοῖς
1156 685 1381 739 βαλανείοις
1402 686 1622 739 προκέλευ-

186 743 266 786 θος
293 737 420 792 η’μέρα
435 769 446 787 ,
468 739 639 782 ”Απασα
664 733 773 791 ἅπαξ
796 744 860 794 γῆ,
890 741 1092 791 στρατῖαι.
1123 740 1314 794 σιδαρεόι·
1342 737 1481 792 νοῦμοι
1500 750 1619 794 puta,

189 807 297 847 quae
320 809 407 834 vox
435 804 476 833 et
509 810 533 835 a
561 795 831 848 Byzantinis,
857 795 996 846 credo,
1026 795 1241 850 siquidem.
1262 794 1466 848 loquendi
1494 795 1619 835 modo

187 858 405 890 uterentur
424 851 602 901 Dorico,
633 851 719 889 fuit
739 860 950 903 usurpata.
1008 851 1295 905 Προκὲλευθον
1310 860 1448 890 autem
1465 845 1620 905 η’μέραν

188 918 297 945 voce
314 907 550 957 Byzantina
569 905 640 956 τήν
657 908 1025 959 προκηρυτιομὲνην
1047 911 1107 956 εἰς
1126 905 1172 948 τό
1188 903 1452 959 ἔκκλησιᾲζιιν
1471 910 1622 959 appel-

184 962 311 999 latam
336 963 566 1010 existumo,
601 976 736 1016 neque
759 963 842 1001 alio
864 976 988 1002 sensu
1011 963 1225 1001 Kuelznius
1253 957 1414 1015 cepisse
1440 961 1620 1004 videtur.

188 1016 463 1070 [Legendum
506 1019 788 1070 προκέλευιος·
828 1017 941 1070 quod
971 1018 1180 1058 Doricum
1213 1026 1286 1056 est.
1340 1017 1622 1071 προκέλευστος

186 1071 298 1111 enim
320 1073 485 1112 Atticus
517 1073 765 1126 scripsisset.
823 1075 888 1112 Ex
915 1072 1179 1128 Addendia.]
1231 1083 1320 1112 tum
1342 1086 1511 1127 quoque
1531 1083 1622 1112 sta-

186 1135 354 1166 tuamus
383 1142 550 1169 necesse
580 1138 642 1169 est
671 1128 833 1168 traduci
856 1128 902 1170 in
923 1129 991 1169 his
1011 1141 1135 1184 atque
1155 1128 1344 1183 sugillari
1367 1142 1389 1167 a
1415 1129 1623 1168 Str-attide

184 1183 522 1233 Byzantinorum
541 1187 890 1238 βαλανειομανίαν,
921 1199 1001 1239 qua
1023 1184 1127 1223 mihi
1148 1190 1252 1224 'voce
1272 1183 1335 1222 uti
1355 1184 1494 1224 liceat.
1527 1184 1620 1224 istis

186 1236 238 1277 ad
257 1241 461 1279 calculum
482 1237 721 1293 positis'hic
741 1240 842 1279 mihi
864 1254 1008 1280 sensus
1032 1239 1082 1279 ab
1106 1254 1196 1279 sese
1214 1238 1347 1279 fluere
1376 1249 1526 1292 sponte
1546 1241 1621 1279 vi—

186 1292 333 1332 detur.-
367 1297 430 1333 ila
452 1296 613 1335 deditos
627 1295 762 1348 fuisse
782 1294 937 1334 balneis
954 1298 1235 1348 Byzantinos,
1276 1302 1324 1332 ut
1346 1296 1392 1332 in
1423 1295 1518 1334 istis
1536 1309 1622 1348 po·-

179 1350 276 1401 puli
307 1351 608 1390 celebrarentur
638 1354 835 1402 comitia,
884 1353 931 1390 in
955 1354 1050 1391 istis
1075 1360 1182 1390 totus
1209 1350 1335 1390 simul
1358 1358 1458 1388 esset
1488 1358 1622 1389 terrae

185 1406 453 1456 Byzantinus
468 1408 670 1459 populus,
700 1411 746 1446 in
776 1410 870 1446 iscis
899 1406 949 1445 de
977 1406 1295 1458 expeditionibus
1324 1406 1620 1457 consuleretur,

187 1468 228 1499 et
256 1463 303 1500 in
327 1464 419 1501 istis
457 1462 632 1516 denique
647 1467 755 1515 ipsa·
773 1471 1009 1502 mercatura
1039 1470 1303 1511 exerceretur,
1339 1475 1445 1516 quae
1478 1461 1620 1501 omnia

186 1515 291 1555 alias
337 1518 379 1554 in
413 1518 508 1557 foro
547 1519 689 1573 peragi
717 1533 804 1558 mos
839 1528 940 1558 erat.
991 1527 1034 1558 et
1060 1517 1164 1557 baec
1197 1515 1367 1571 quidem
1394 1531 1487 1556 cum
1517 1517 1620 1570 ipsis

186 1570 411 1612 Str-attidis
437 1573 574 1613 verbis
603 1574 907 1628 commodoque
945 1588 1071 1614 sensu
1102 1573 1307 1627 egregie.
1327 1572 1373 1610 ni
1402 1587 1468 1613 me
1501 1570 1621 1612 deci-

185 1627 313 1679 piam,
344 1629 598 1670 concinuntz
630 1644 716 1669 non
750 1630 895 1683 itaque
931 1630 976 1669 in
1005 1630 1116 1669 hanc
1143 1642 1227 1667 rem
1257 1630 1376 1682 plura
1399 1626 1619 1682 prodigam

186 1683 325 1724 verba.
382 1686 627 1738 Βαλανειόις
645 1685 772 1724 habes
792 1700 844 1724 ex
869 1684 1163 1725 emendatione
1183 1684 1364 1722 Kuelmii
1387 1697 1465 1738 pro
1485 1688 1622 1737 βαλα-

184 1739 304 1788 νίοις·
340 1749 426 1779 tum
459 1742 600 1784 ἅπασα
644 1742 772 1791 ἅπαξ.
806 1741 919 1794 quod
951 1750 1039 1781 erat
1069 1741 1112 1779 in
1143 1739 1268 1780 MSS.
1304 1738 1621 1792 praeferendum

183 1793 407 1835 videbatur
424 1796 562 1838 editae
583 1797 758 1837 lectioni
776 1794 1041 1847 ἁπαξάπασαι·
1072 1804 1114 1835 et
1129 1796 1344 1850 σιδηραῖων
1367 1808 1536 1848 quoque
1558 1795 1621 1833 vi-

185 1849 338 1888 tiosum
359 1861 469 1899 erat.
502 1853 648 1907 itaque
676 1854 871 1907 σιδαρὲων
889 1853 933 1892 in
961 1862 1095 1892 textu.
1125 1851 1228 1905 quid
1252 1859 1421 1890 nostrae
1438 1849 1495 1889 sit
1521 1863 1620 1889 sen-

183 1906 365 1956 tentiae,
396 1909 592 1959 exposui.

293 1961 585 2017 Μυρμιδόσιν]
635 1963 682 2007 C.
718 1963 771 2005 V.
815 1960 1107 2019 Μυρμηδόσιν·
1154 1960 1376 2000 δ’ἰναίἐίᾰίε
1410 1959 1530 2015 ῥῆσιν
1559 1959 1620 2000 ita

184 2018 455 2062 collocarem:

452 2078 495 2118 ἐν
522 2077 603 2124 τοῖς
629 2076 860 2128 βαλανείοις
886 2073 1153 2130 προκὲλευθος
1181 2071 1311 2128 η’μέρα

455 2131 562 2182 ἅπαξ
590 2131 745 2178 ἅπασα,
778 2127 806 2180 ἤ
833 2128 1011 2183 arnaud,
1042 2127 1269 2185 modenam:

458 2190 505 2226 in
537 2190 639 2240 ipsis
668 2188 829 2226 balneis
857 2188 944 2226 dies
973 2186 1175 2224 indicii-ut

459 2257 733 2296 quaeeunque,
768 2244 992 2298 expedicio,
1020 2238 1215 2294 σιδάρεον.

186 2293 383 2336 Indicant
401 2311 566 2350 versus,
595 2298 828 2351 Byzantios
850 2298 909 2337 ita
930 2296 1222 2349 voluptatibus
1255 2293 1420 2335 deditos
1441 2306 1543 2343 esse,
1567 2302 1618 2333 ut

188 2363 295 2403 quae
318 2353 420 2391 alias
444 2355 489 2393 in
508 2356 604 2394 foro
624 2355 801 2407 aliisque
823 2353 929 2392 locis
958 2351 1142 2406 publicis
1161 2365 1234 2404 per
1261 2363 1508 2402 praeconem
1538 2363 1618 2388 so·-

184 2406 276 2445 lent
297 2407 456 2457 indici,
486 2410 597 2463 apud
617 2424 688 2451 eos
710 2410 752 2447 in
774 2408 960 2458 balneis,
990 2406 1064 2446 ubi
1089 2407 1229 2446 vinum
1260 2403 1485 2444 immodice
1505 2403 1619 2443 hau-

186 2469 295 2500 stum
321 2466 612 2519 excoquebant
635 2479 708 2520 per
725 2464 939 2510 sudorem,
969 2464 1056 2502 sint
1078 2459 1330 2500 intimanda.
1361 2473 1412 2499 eo
1440 2474 1617 2516 namque

185 2516 427 2570 frequentes
448 2520 715 2562 confluebant
730 2519 946 2573 Byzantii.
961 2518 1051 2558 sive
1072 2517 1202 2572 igitur
1215 2515 1303 2555 dies
1315 2525 1473 2555 statuta
1485 2528 1618 2569 quae-
1646 2531 1648 2533 ·

186 2571 275 2624 vis,
306 2575 395 2616 sive
414 2577 652 2631 expeditio,
686 2578 754 2617 vel
775 2574 976 2631 quaedam
997 2573 1051 2614 ad
1074 2587 1157 2614 rem
1181 2571 1452 2611 nummariam
1482 2570 1618 2625 penti-
