1690 2996
192 71 298 111 1604
807 71 860 111 Χ.
919 75 984 116 98

191 194 346 232 φανους
369 181 605 234 τηγανισταὶ
632 180 704 224 τόν
732 180 778 223 δὲ
806 179 954 235 καλούμ
958 198 1047 224 svor
1064 183 1294 238 χυτρῖποδα.
1323 183 1496 237 Hem-71.
1530 188 1617 227 Xv·

190 233 384 289 τρόποδες
408 237 544 290 legit
532 251 575 275 m
599 235 764 281 λάσανα.
792 237 972 282 Salmas,
1001 237 1184 283 λάσανον.
1241 241 1422 280 limam«.
1464 248 1466 250 ’

303 294 617 346 Ποσειδίππου]
657 292 749 335 MS.
780 296 1054 337 Ποσιδίππου·
1084 309 1167 350 quo
1197 305 1320 348 pacto
1350 295 1439 335 fere
1456 308 1617 357 semper

190 347 371 387 scribere
399 349 560 400 malim,
594 358 641 388 ut
663 359 707 389 et
738 350 890 388 suidas
915 349 1050 390 habet.
1080 351 1216 390 variat
1248 352 1350 390 alias
1368 359 1416 391 et
1440 350 1534 392 MS.
1568 348 1614 388 in

190 403 285 444 hoc.
343 405 447 442 Eius
479 383 619 444 ead’em
643 405 784 444 fabula
811 415 854 444 et
870 405 919 444 ab
942 407 1154 445 Athenaeo
1177 406 1354 456 citatur,
1381 415 1430 445 ut
1454 405 1616 444 indicat

196 459 371 498 casaub.
404 460 500 499 VII.
524 461 674 500 Athen.
708 462 766 501 14.
802 461 905 500 Post
928 465 1180 504 Ποσιδῖηπου
1202 471 1292 502 tota
1315 465 1428 502 linea
1450 461 1494 500 in
1516 463 1616 502 vul-

193 515 304 568 gatis
336 514 476 563 deest,
506 530 628 583 quam
659 530 710 556 ex
734 516 830 556 MS.
860 520 1019 583 supple
1038 518 1097 557 ita
1123 517 1325 559 habente:
1355 519 1509 560 καίτοι
1527 514 1615 570 τόγε

192 571 327 624 δρᾶμα
346 569 660 626 Ἀριστοφάνους
685 578 722 613 Τ
718 575 947 625 ηγανισταί
975 571 1043 615 τόν
1062 574 1104 615 δὲ
1120 578 1208 615 καλ.
1241 583 1320 615 etc.
1361 574 1419 613 Et
1439 587 1526 612 nou
1548 572 1616 611 vi-

192 626 367 665 debatur
394 641 494 667 sane
521 628 748 667 emissurus
784 627 857 665 hio
884 627 959 666 ubi
988 629 1039 668 de
1046 627 1219 693 τηγάνῳ
1250 643 1272 668 a
1304 630 1339 668 it
1359 627 1614 668 comoediam

192 691 274 721 tam
293 695 416 736 saepe
435 697 456 722 a
476 696 519 723 se
539 682 760 722 laudatam.
816 681 899 724 Sed
918 683 1059 724 mirari
1075 693 1212 724 tamen
1230 686 1275 723 lu
1307 693 1349 724 et
1369 698 1442 723 eur
1462 684 1534 723 hie
1554 681 1615 720 di-

191 747 259 779 cat
273 742 518 790 τηγανισται,
538 747 579 778 et
595 752 682 777 non
701 741 948 792 ταγηνισταὶ,
969 753 1097 793 quum
1117 749 1257 779 tamen
1278 741 1451 794 ubique,
1475 753 1615 794 quan-

192 803 279 831 tum
298 793 448 833 addere
464 794 603 847 potui,
634 793 709 832 ubi
728 793 810 833 hoc
828 794 964 832 drama
986 794 1191 845 laudatur,
1221 805 1364 835 noster
1379 795 1472 836 MS.
1503 795 1617 833 sient

190 849 393 902 vulgati’
373 867 415 891 εν
443 852 696 904 Ταγηνισταῖς
719 848 891 900 habeat,
921 859 968 888 ut
986 851 1125 889 statim
1147 864 1275 904 segm.
1296 859 1415 904 Qsequ
1444 865 1522 890 neo
1542 851 1616 888 ali-

190 913 254 944 ter
273 905 512 944 Athenaeus·
537 904 631 948 libr.
661 904 742 944 111.
769 907 950 956 Dipnos.
975 917 1018 946 et
1039 905 1293 946 Scholiasta
1320 905 1533 958 Aristoph.
1564 904 1616 945 ad

191 960 400 1012 Νεφέλας,
431 960 482 999 ad
512 956 751 1015 Βατραχους.
809 961 940 1000 que.

300 1016 471 1058 Mallem
494 1018 829 1071 Ἀποκλειομὲνῳ,
860 1017 1060 1056 Amator«
1086 1018 1261 1058 excluso.
1307 1015 1417 1058 vid.
1448 1018 1615 1057 Terent.

192 1072 303 1114 Eun.
339 1071 370 1113 Ι.
405 1085 444 1125 2,
478 1075 831 1128 18·79·ΤοἮ’·

306 1131 595 1172 Ποσειδὶππου.
604 1131 619 1183 ]
651 1130 930 1172 Ποσειδίππου
952 1126 1129 1181 scribas,
1157 1139 1206 1168 ut
1227 1131 1382 1184 vulgo,
1410 1141 1461 1167 an
1483 1132 1615 1171 Πρω-

191 1186 340 1226 δίππου
374 1199 488 1223 eum
497 1184 614 1226 MSS.
645 1199 788 1238 parum
810 1185 948 1226 refert
979 1194 1156 1238 utraque
1175 1161 1386 1225 scribendi
1406 1183 1513 1223 ratio
1533 1184 1616 1222 usi·

192 1249 294 1284 tata,
324 1240 369 1278 in
396 1241 545 1279 Photic'
561 1243 713 1280 Lexico
734 1242 1010 1287 Ποσείδιππος
1029 1239 1186 1307 ubique
1222 1240 1368 1280 inveni
1387 1249 1613 1286 exaratum,

193 1296 382 1361 citatque
401 1296 472 1334 ille
491 1297 708 1349 Posidippi
724 1293 914 1348 Λημότας
933 1305 976 1334 et
1001 1294 1296 1347 Συντρόφους’
1283 1308 1328 1334 ιιι
1350 1289 1617 1337 Nemean-stie-

192 1368 260 1392 ται
277 1360 318 1390 et
331 1345 530 1403 ιὈρμιιιά
588 1351 718 1392 Cuius
738 1353 867 1391 fuerit
891 1351 1124 1405 argumenti
1147 1351 1369 1418 Ροσίάὶρρί
1390 1348 1615 1392 Ἀποκλειο-

191 1406 289 1459 μένη
315 1405 525 1460 expiscari
551 1421 727 1460 nequeo.
758 1421 844 1447 non
875 1421 940 1445 me
964 1409 1067 1445 latet
1085 1406 1291 1460 virginem
1310 1405 1616 1459 ἐποκλειομένην

193 1476 314 1515 posse
344 1461 450 1510 dici,
481 1477 585 1515 quae
611 1465 853 1516 plerumque
876 1459 1152 1508 κατακλεισὲος
1174 1464 1430 1514 appellatur,
1458 1461 1508 1501 de
1534 1467 1615 1514 qu'a

194 1518 298 1556 alibi
323 1521 511 1557 locorum
543 1519 720 1570 plurima
746 1531 1044 1564 commemoro,
1080 1528 1123 1557 et
1149 1516 1199 1556 ab
1231 1515 1310 1555 hac
1334 1517 1410 1556 tali
1434 1518 1616 1556 forsitan

194 1574 362 1612 titulum
382 1583 423 1613 et
440 1584 727 1627 argumentum
749 1573 915 1613 fabulae
934 1585 1212 1625 promanasse.
1253 1569 1324 1611 sed
1354 1572 1466 1616 nihil
1487 1571 1617 1627 equi-

194 1629 308 1679 dem,
338 1628 451 1683 quod
471 1631 671 1668 incertum
694 1639 783 1677 est,
813 1629 962 1669 lectori
983 1628 1233 1682 persuadere
1253 1628 1431 1680 cupiam.
1468 1629 1616 1667 memi-

194 1685 258 1723 nit
278 1686 399 1725 etiam
422 1684 548 1723 huius.
565 1685 733 1724 fabulae
755 1685 1049 1736 Harpocratio.
1097 1684 1199 1722 Post
1220 1685 1480 1727 Ποσιδίππου
1493 1696 1616 1751 egre-

195 1741 303 1794 giam
333 1742 508 1779 Polluci
532 1754 697 1794 operam
722 1741 845 1781 MSS.
875 1749 1050 1779 navant:
1077 1741 1205 1780 καΙτοι
1224 1738 1315 1792 τόγε
1335 1741 1468 1792 δρᾶμα
1493 1737 1616 1803 'Ao-c-

192 1795 412 1848 στοφάνους
447 1798 704 1848 Ταγηνισταί·
743 1797 853 1835 illam
886 1796 996 1835 enim
1029 1795 1210 1833 fabulam
1235 1794 1495 1836 notissimam
1520 1794 1617 1832 uti-

196 1865 301 1906 que,
332 1851 428 1890 dum
456 1852 527 1890 illa
562 1861 799 1903 enumerat,
829 1864 934 1906 quae
956 1865 977 1889 a
995 1849 1146 1904 τηγάνῳ
1164 1859 1208 1891 et
1227 1847 1386 1905 ταγήνῳ
1406 1850 1615 1896 oriuntur,

196 1908 384 1947 omiserit
400 1907 577 1946 Pollux?
607 1918 763 1947 restant
794 1921 899 1960 quae
937 1907 1055 1945 facili
1076 1919 1162 1945 non
1191 1916 1290 1946 sunt
1315 1891 1615 1973 praetereunda
1679 1918 1682 1920 ’

228 1962 323 2003 ede:
361 1961 602 2017 Ταγηνιστοῖς
630 1964 674 2000 in
698 1973 820 2002 textu
848 1961 964 2009 dedi,
997 1977 1088 2000 cum
1122 1957 1362 2015 Τηγανιστας
1390 1974 1413 2000 e
1438 1959 1617 2000 Codici-

193 1978 273 2058 gus
302 2019 390 2057 suis
415 2019 624 2057 Kaelmius
659 2027 700 2057 et
717 2020 1050 2071 langermannus
1084 2016 1298 2058 adnotent.
1338 2029 1419 2070 qua
1447 2015 1614 2081 quidem

196 2074 241 2112 in
263 2088 304 2113 re
326 2084 492 2112 secutus
521 2089 608 2112 sum
633 2074 818 2118 omnium
837 2083 1051 2112 auctorum
1085 2086 1353 2123 consensum,
1389 2071 1462 2125 qui
1479 2076 1616 2138 ,Ῥηνα-

194 2129 330 2178 morde
350 2130 530 2168 fabulam
558 2130 669 2168 illam
694 2129 993 2180 Aristophanis
1011 2142 1235 2192 nusquam,
1269 2122 1511 2194 Ταγηνιστας
1529 2128 1615 2166 fre..

196 2186 469 2239 quentissime
494 2184 662 2224 laudare
688 2187 835 2224 solent.
894 2184 1107 2221 Photius
1095 2197 1138 2220 m
1164 2185 1337 2222 Lea-ico:
1371 2180 1616 2235 Ἀριστοφα-

193 2259 262 2291 vng-
287 2244 548 2295 Ταγηνιστοῒς,
568 2240 641 2280 sed
661 2240 754 2293 quis
775 2253 862 2278 non
882 2237 1022 2278 videat
1038 2237 1301 2277 scribendum
1325 2241 1602 2292 Ταγηνισταῖς.
1598 2241 1615 2267 '²

196 2296 348 2336 deinde
379 2311 529 2351 magno
562 2310 626 2336 me
651 2308 852 2349 sponsore
876 2304 1012 2344 tueor,
1041 2293 1421 2361 Falokenburgiani
1442 2293 1614 2333 Codicis

188 2353 431 2405 ,Excerptis‚
473 2353 517 2390 in
548 2352 700 2406 quibus
732 2349 897 2402 liquide
929 2347 1169 2402 Ταγηνιστας
1193 2349 1368 2403 reperio.
1407 2350 1451 2389 in
1470 2351 1616 2389 ceteris

196 2409 322 2447 etiam
352 2408 658 2460 aliquantulum
683 2422 706 2446 a
737 2406 856 2448 MSS
888 2406 936 2446 P.
974 2415 1017 2444 et
1053 2406 1103 2444 V.
1141 2403 1360 2468 discrepat.
1401 2406 1461 2444 sic
1492 2405 1615 2474 enim,

196 2463 277 2501 nisi
298 2478 362 2502 me
378 2464 532 2502 fallunt
556 2464 750 2504 lectionis
774 2461 992 2500 intricatae
1011 2460 1216 2526 vestigia,
1248 2460 1393 2500 habet.
1419 2461 1485 2504 καὶ
1501 2477 1546 2502 ιο
1577 2464 1618 2502 δὲ

197 2519 269 2572 (τιν’)
298 2521 321 2558 δ
351 2520 676 2573 superscriptum
709 2527 770 2559 est
800 2515 841 2571 y)
870 2518 1003 2571 δρᾶμα
1031 2519 1072 2559 ἐν
1109 2512 1417 2571 Αριστοᾳάνους
1453 2533 1618 2569 ταγηνι-
