1656 2976
175 125 281 164 1798
784 119 838 159 X.
900 123 992 163 163.

175 229 358 270 Persicas
383 243 517 278 voces,
555 242 659 282 quae
682 228 726 267 in
761 230 1030 284 antiquorum
1060 232 1342 273 monumentis
1382 234 1600 288 reperiun-

177 297 259 337 tur,
288 286 593 337 explicaturum
611 298 654 323 se
672 295 712 324 et
744 285 1112 339 interpretaturum
1140 287 1345 342 singulari
1373 283 1484 329 libro
1515 304 1601 330 non

179 343 305 381 semel
331 340 573 393 promisisse
605 339 800 387 memini,
839 341 953 396 quod
987 357 1093 395 opus
1120 342 1281 384 utinam
1318 344 1426 399 reip.
1454 345 1603 387 litera-

176 396 264 437 riae
284 395 398 436 bono
417 395 719 449 quamprimum
740 396 785 435 in
802 399 936 438 lucem
957 399 1157 451 proferat.
1182 431 1187 436 .

286 452 493 504 ulnarum]
523 451 614 490 MS·
633 453 801 505 κίταριν.
860 453 957 496 δειι.

264 543 269 550 .
287 509 498 561 attingam]
534 506 581 547 C.
598 507 649 547 V.
669 517 712 547 et
728 507 859 549 Salm.
882 511 1052 562 κίταριν.
1107 509 1284 551 Kunnc·

288 565 496 617 κὶτιαριν.]
527 563 608 602 Pro
635 565 812 614 κίτιαριν
842 566 932 604 MS.
954 567 1111 618 κίταριν
1139 579 1224 604 uno
1255 583 1278 608 ι·
1305 573 1348 606 et
1376 565 1437 606 sic
1454 566 1604 617 scribe,

178 630 225 660 ut
241 621 366 663 etiam
393 633 515 672 supra
539 618 638 668 VII,
665 617 730 660 56.
752 619 842 660 MS.
861 619 1055 668 habebar,
1084 634 1162 660 nec
1195 620 1317 662 aliter
1344 620 1416 660 hic
1441 621 1606 676 adgno-

178 678 257 716 scit
276 677 518 715 Brissom'us
537 673 630 715 libr.
655 675 690 714 I.
715 675 765 714 de
788 675 887 727 Reg.
909 679 1022 715 Pers.
1047 676 1120 730 qui
1150 685 1287 716 tamen
1306 679 1445 716 locum
1467 680 1606 716 Hero-

178 733 267 771 doti
283 745 366 771 non
393 729 568 782 indicat,
598 744 682 784 quo
701 731 808 770 libro
822 741 949 773 extet.
1006 732 1064 771 Et
1082 740 1129 771 ut
1150 731 1332 785 ingenue
1351 732 1499 784 fatear,
1529 748 1607 773 nec

178 788 282 827 mihi
304 789 338 825 is
364 786 408 824 in
446 795 668 839 promptu,
710 800 786 825 nec
817 787 927 839 apud
952 802 1043 827 eum
1073 789 1211 841 legere
1242 787 1426 827 memini.
1481 788 1607 840 Apud

183 844 357 882 Ctesiam
383 842 428 880 in
451 842 635 894 Eclogis,
667 855 768 895 quas
798 856 820 882 e
842 843 1020 882 Persicis
1051 842 1140 882 eius
1167 843 1382 896 excerpsit
1410 843 1607 893 Plautius,

180 898 351 953 quidem
376 897 596 937 observavi
625 911 658 938 c.
679 896 746 939 46.
766 897 817 937 de
843 898 980 940 Ocho:
1008 901 1076 942 καὶ
1098 897 1292 942 ἐπέθεντο
1309 895 1422 954 av'uj'
1446 897 1518 951 ”1⁸¹⁹
1543 902 1608 944 κι-

178 972 305 1010 ταριν,
338 953 423 997 οὔτι
441 949 585 995 ἑκόντι.
641 952 773 994 Iunc.

287 1066 377 1119 περὶ
395 1067 509 1119 ζωγρ.
542 1064 627 1117 σιμ]
660 1065 814 1103 Totum
848 1074 975 1117 caput
1006 1079 1094 1105 non
1125 1064 1318 1120 agnoscit
1335 1064 1387 1108 V.
1405 1063 1454 1105 C.
1480 1065 1607 1105 Salm.

181 1131 223 1162 et
244 1121 327 1161 hoc
347 1123 486 1175 ipsum
506 1119 588 1158 iam
609 1133 732 1173 supra
756 1130 873 1161 extat
900 1122 946 1160 in
966 1120 1123 1162 Codice
1143 1122 1284 1161 Vooeii
1309 1135 1347 1162 c.
1379 1119 1447 1163 51.
1475 1131 1523 1161 ut
1549 1121 1611 1160 ibi

181 1177 439 1218 adnotatum.
494 1178 675 1216 Kunme.

290 1236 382 1287 περὶ
400 1232 611 1286 §myri-ou]
641 1230 784 1284 Caput
809 1231 874 1281 57.
905 1232 976 1272 hic
1005 1233 1050 1271 in
1072 1232 1167 1273 MS.
1192 1245 1280 1272 non
1311 1231 1497 1272 habetur.
1538 1230 1610 1271 sed

180 1289 272 1328 eius
302 1289 428 1328 verba
457 1301 585 1340 supra
613 1301 739 1342 segm.
773 1287 865 1330 148.
893 1287 985 1327 dixi
1011 1289 1143 1328 fuisse
1160 1287 1448 1330 anter-mlxvii
1473 1284 1611 1338 σκεύη.

179 1345 409 1385 Iunonum.

290 1402 380 1452 περὶ
399 1395 618 1457 ζωγράφων
645 1403 754 1448 etc.]
795 1397 890 1437 Etsi
925 1398 970 1437 in
995 1397 1126 1441 MSS.
1159 1412 1266 1452 qnae
1298 1399 1469 1438 titulum
1498 1397 1612 1438 hunc

179 1465 425 1509 sequuntur,
459 1455 543 1494 alio
565 1457 660 1493 loco
679 1453 870 1507 superius
891 1463 1048 1501 extent,
1082 1453 1272 1494 ordinem
1292 1464 1429 1494 tamen
1451 1453 1612 1494 editio-

182 1526 281 1551 num
311 1525 357 1550 ea
390 1520 562 1564 propter
586 1509 753 1549 turbare
779 1519 822 1548 et
844 1509 1099 1562 interpolare
1127 1523 1278 1564 operae
1307 1509 1492 1563 pretium
1522 1523 1610 1548 non

181 1567 301 1618 duxi,
338 1565 518 1620 ideoque
537 1565 745 1618 pictorum
763 1564 866 1604 haec
883 1566 1158 1605 instrumenta
1183 1579 1256 1605 sua
1276 1564 1387 1617 sede,
1416 1578 1536 1619 quam
1565 1565 1611 1604 in

181 1623 375 1662 omnibus
397 1621 676 1660 obtinuerunt
703 1619 979 1671 editionibu·‚
1018 1635 1104 1660 non
1133 1621 1258 1662 movi.
1294 1620 1444 1660 horum
1474 1629 1612 1660 nutem

181 1682 381 1732 pleraque
402 1675 612 1724 recensuit
626 1675 789 1715 Auctor
807 1676 908 1729 VII,
943 1688 1034 1730 129.
1053 1676 1128 1716 ubi
1145 1676 1218 1731 qui
1237 1676 1397 1716 fuerint
1413 1677 1612 1731 κιλλίβαα-

181 1751 246 1783 τες
266 1743 309 1773 et
327 1732 563 1788 ὀκρίβαντες
583 1731 819 1771 accuratius
845 1732 1037 1786 exponit.
1076 1732 1246 1787 quaevis
1273 1729 1510 1787 ὖποθᾲιατα
1537 1746 1611 1772 seu

182 1791 462 1844 suppositoria
485 1788 543 1827 ita
564 1787 698 1828 fuisse
721 1786 833 1826 dicta
853 1786 975 1828 docet
992 1789 1233 1842 Hesychius.

291 1903 385 1955 περὶ
414 1897 485 1943 τοῦ
521 1892 612 1952 nio>-
654 1898 765 1951 etc.]
804 1897 980 1953 ἐφήβων.
1011 1899 1192 1952 Heeyolz.
1223 1897 1425 1948 Πέιασος.
1462 1894 1508 1941 ‘co'
1535 1898 1614 1941 τῶν

183 1954 345 2012 ἔφη’βων
372 1954 548 2010 φόρημα.
605 1955 705 1994 SEn.

294 2015 386 2067 περὶ
402 2009 568 2062 τοῦειῖφ.
589 2010 683 2061 etc.]
715 2010 884 2066 Integer
903 2010 1055 2050 titulus
1075 2009 1189 2050 abest
1206 2022 1228 2048 a
1246 2008 1294 2049 G.
1313 2008 1362 2051 A.
1387 2018 1430 2048 et
1450 2008 1612 2049 Codice

188 2070 316 2110 Salm.
335 2069 380 2107 in
402 2081 485 2121 quo
506 2066 631 2104 etiam
656 2064 841 2117 εὔφήβων
862 2067 978 2106 abest
998 2066 1124 2105 initio
1147 2064 1310 2118 capitis.
1367 2064 1546 2104 Kumn«.

295 2123 340 2167 τό
359 2126 401 2165 δὲ
417 2117 606 2174 εὗφῆβων
624 2122 681 2174 φ.]
712 2122 806 2164 MS.
824 2121 872 2164 τό
892 2125 935 2164 δὲ
955 2122 1032 2163 ταῖν
1056 2123 1204 2174 ἑφίβων
1221 2118 1395 2175 φόρημα,
1423 2121 1611 2163 πέτασον.

185 2180 266 2222 Sed
285 2180 418 2220 scribe
435 2177 484 2220 to*
501 2180 544 2220 δὲ
560 2175 636 2219 τῶν
659 2174 847 2229 ἐφήβων·
888 2187 935 2216 ut
965 2178 1009 2216 in
1035 2177 1128 2217 MS.
1159 2187 1389 2216 correctum
1421 2185 1533 2223 ernt,
1572 2184 1614 2214 et

186 2238 352 2276 seberus
372 2235 496 2275 etiam
524 2233 569 2271 in
594 2233 718 2272 Notis
744 2234 830 2273 suis
857 2233 1109 2273 emendavit.
1145 2246 1230 2272 nec>
1247 2230 1614 2286 aliter·adgnoscit

187 2291 428 2346 Leopardus
448 2289 526 2329 IX.
546 2287 718 2328 Emend.
747 2302 803 2343 ¹9·
861 2290 993 2328 Iuno.

297 2346 343 2390 τό
366 2347 409 2388 δὲ
428 2340 640 2399 εὖφῆβων]
672 2344 828 2384 Facilis
848 2344 1069 2385 emendatu
1105 2344 1353 2397 corruptela.
1380 2343 1519 2381 locum
1545 2355 1615 2380 re-

191 2405 276 2443 feci
298 2403 347 2442 ad
369 2401 489 2441 fidem
510 2401 635 2440 MSS.
691 2398 737 2441 τό
764 2400 805 2442 δὲ
827 2400 905 2442 τῶν
929 2397 1090 2454 ἐφήβων
1116 2398 1304 2452 φόρημα,
1342 2411 1448 2450 quae
1473 2395 1613 2436 verbis

191 2459 338 2498 iisdem
360 2457 470 2511 apud
487 2456 734 2508 Hesychium
751 2458 962 2510 leguntur.
1000 2465 1099 2510 post
1122 2454 1223 2492 haec
1244 2467 1267 2492 e
1291 2452 1450 2492 Codice
1471 2453 1610 2490 Auem.

191 2515 383 2567 supplevi
406 2515 473 2556 καὶ
495 2508 654 2565 χλαμῦς,
694 2512 806 2564 quod
835 2512 994 2550 nemini
1025 2508 1280 2563 displicebit.
1337 2509 1386 2546 In
1420 2507 1615 2547 Philemo-

191 2571 255 2608 nis
272 2579 409 2608 autem
429 2572 522 2608 loco
544 2571 584 2617 ἐς
605 2568 922 2620 intelligendum
955 2566 1077 2607 credo
1097 2573 1280 2618 praeter,
1322 2567 1411 2614 vel,
1452 2572 1498 2602 ut
1517 2577 1610 2602 ‘non
