1690 2996
195 147 306 190 1416
817 144 872 187 X.
927 149 998 191 48.

200 255 361 294 adferre
380 269 471 294 cum
492 255 630 295 verbis
635 258 930 324 Etymologici
945 258 1116 309 Magni:
1155 255 1430 325 Σκολῦθριον,
1459 255 1628 300 Πλάτων

197 314 358 363 τίθησιν
378 308 464 352 ἀντὶ
481 316 551 352 τοῦ
569 308 646 362 ὑφ’
668 309 779 364 ἡμῶν
801 314 1011 381 λεγομένου
1031 312 1266 359 ὑποποδίου,
1300 311 1373 356 {md
1392 319 1567 366 ποιητῶν
1587 315 1628 356 δὲ

197 365 477 434 ὖποθρονίου·
515 365 694 421 Πλάτων,
723 367 853 422 ω’σπερ
871 371 911 410 οἱ
926 367 971 410 τὰ
990 368 1209 421 σκολύθρια
1227 374 1301 410 τῶν
1321 367 1536 421 μελλοντων
1559 387 1628 411 κα-

196 421 433 490 θιζήσεσθαι
447 419 712 472 ὑποσπῶντες,
727 427 907 477 χαίρουσι
929 427 992 465 καὶ
1011 429 1182 478 γελῶσιν,
1213 424 1366 466 ἐπειδᾶν
1389 424 1573 468 ἴδωσιν“
1546 442 1627 466 νπ-

196 495 283 520 τιον
311 474 668 531 ἀνατετραμμένον·
711 481 810 528 τινὲς
837 480 916 521 δὲ’
900 482 960 522 επὶ
999 499 1076 521 των
1098 486 1247 533 μικρῶν
1271 484 1480 532 ὄιφριδίων
1501 482 1627 531 ἐξεδέ-

199 536 314 584 ξαντο
333 532 405 586 τὴν
438 537 551 584 λέξιν.
599 535 676 574 Sed
708 539 814 574 male
839 537 1000 587 accepit
1031 537 1071 573 in
1094 535 1287 574 hocloco
1315 538 1519 583 Platonis,
1548 551 1624 589 pro

195 587 410 638 νποπόδια,
444 592 562 628 cuius
581 591 637 630 rei
659 605 781 643 supra
808 605 828 629 a
857 593 1062 629 salmasio
1086 591 1291 629 admoniti
1309 607 1463 631 sumus.
1524 593 1626 632 Non

199 655 310 685 certe
337 646 397 684 sic
425 658 534 698 ceput
547 648 721 696 Pollux,
753 646 823 684 sed
854 647 1004 685 diserte
1027 647 1077 686 de
1106 649 1264 698 δίφροις
1292 652 1356 686 vel
1378 650 1623 699 διφρίσκοις

198 704 339 740 saltem
363 701 452 739 eius
475 701 596 741 verba
616 701 684 740 hic
708 712 816 740 recte
834 703 1105 754 interpungo,
1138 706 1203 741 vel
1235 703 1379 755 potius
1401 705 1627 756 interpun-

197 757 402 805 ctionem,
434 757 627 809 inquam,
659 767 753 810 post
771 760 948 808 τρίποδες
967 761 1087 807 tolle,
1119 759 1306 810 quamvis
1329 773 1374 797 ea
1399 768 1439 797 et
1462 759 1504 796 in
1526 757 1625 800 MS.

197 813 267 851 sit.
328 812 396 851 Sic
415 813 548 852 scribe
570 813 664 852 hic.
699 811 940 863 σκολύθρια,
969 811 1069 864 οἱπερ
1088 814 1165 854 ἐστὶ
1187 817 1317 866 μικροὶ
1340 817 1519 867 τρίποδες
1537 818 1627 857 Θετ-

170 869 345 918 ,ταλικοι
364 870 524 921 δίφροι·
564 869 740 921 exponit
770 871 942 919 δίφρους
974 868 1251 916 Θετταλικούς,
1275 869 1344 908 sed
1365 887 1552 923 μικρυυς,
1584 879 1628 909 et

196 923 361 978 quidem
382 926 591 978 τρίποδας·
632 926 697 960 vel
715 927 947 973 διφρίσκυυς
975 922 1228 988 Θετταλικους
1248 928 1449 976 τρίποδας
1467 925 1625 965 codem
1688 926 1690 930 ⁴

195 978 345 1026 modo,
386 993 468 1031 quo
500 994 550 1017 ex
583 980 786 1029 Eupolide
813 978 938 1017 modo
966 980 1202 1018 nominavit
1229 982 1373 1030 δίφρον
1397 979 1626 1022 Θετταλικὸν

194 1032 423 1087 τετράπουν.
481 1036 598 1072 Alias
642 1043 682 1073 et
729 1035 884 1074 suidas
926 1033 1143 1087 σκολύθρια
1190 1036 1366 1088 exponit
1411 1033 1624 1078 ὖποπόδια.
1686 1027 1690 1053 ³

187 1090 434 1142 Utrumque
461 1091 712 1140 Hesychius:
753 1088 1002 1141 Σκολῦθρια,
1035 1107 1198 1132 ταπεινα
1217 1094 1370 1142 διφρία,
1397 1089 1625 1133 ὖποπόδια·

193 1144 442 1197 σκολύθρων,
471 1163 675 1194 ταπεινων,
706 1143 784 1188 οἷπὸ
805 1145 1038 1199 σκολύθρων
1061 1149 1230 1202 δίφρων.
1289 1146 1373 1188 Sed
1402 1146 1627 1200 abrumpa-

190 1216 282 1240 mus
307 1201 420 1240 hunc
445 1204 595 1240 locum.
653 1208 757 1243 Iuno.
1303 1225 1310 1230 ν

303 1256 537 1309 σκελύθρια]
568 1260 772 1305 σκελίθρια
791 1258 833 1295 in
855 1257 1065 1309 prioribus
1093 1266 1188 1296 ante
1209 1257 1400 1297 Sebemm
1424 1257 1625 1298 editioni·
1688 1310 1690 1315 Δ

192 1312 270 1351 bus
299 1314 399 1351 fuit:
440 1314 658 1362 σκελύθρια
679 1313 864 1366 reposuit
889 1313 1240 1351 K1celznius.non
1266 1313 1368 1352 bene
1387 1327 1622 1365 sanequam.

192 1378 234 1408 et
260 1368 340 1420 ipsi
364 1383 530 1421 quoque
552 1369 675 1410 MSS.
698 1369 740 1405 in
767 1383 932 1419 pravam
954 1369 1044 1406 eius
1066 1367 1182 1406 vocis
1202 1369 1426 1408 lectionem
1450 1370 1624 1422 conspi-

190 1433 298 1464 rant.
331 1439 413 1461 non
436 1434 570 1462 tamen
592 1435 651 1463 est
675 1424 858 1473 dubium,
891 1425 988 1477 quin
1013 1421 1228 1476 σκολύθρια
1252 1437 1344 1462 vera
1364 1426 1418 1461 sit
1437 1425 1624 1476 scriptu-

190 1493 249 1529 ra,
281 1480 344 1517 uti
365 1480 443 1517 iam
468 1481 614 1518 monui
638 1480 738 1526 VH,
767 1478 852 1519 180.
895 1480 939 1516 in
971 1479 1170 1531 Hesychco
1190 1493 1274 1517 non
1294 1488 1454 1516 tantum
1477 1477 1624 1521 σκολύ-

192 1542 291 1603 θρια
320 1538 441 1588 leg0,
483 1535 551 1574 sed
573 1545 614 1575 et
634 1532 873 1586 σκόλυθροι·
911 1534 1181 1587 Σκολύθρων,
1221 1534 1393 1586 inquit,
1429 1533 1625 1577 ταπεινῶν

191 1587 271 1633 ἇπὸ
284 1591 539 1643 σκολύθρων,
570 1594 745 1645 δίφρων·
777 1591 832 1629 ibi
854 1590 1039 1629 nodum'
1028 1605 1072 1628 tn
1092 1591 1231 1658 scirpo
1252 1590 1413 1658 quaerit
1437 1590 1622 1641 Guietue,

192 1662 285 1686 cum
304 1661 504 1698 reponere
524 1657 678 1687 tentat:
714 1651 906 1689 ταπεινῶν
924 1649 1102 1698 δίφρων,
1134 1641 1211 1686 απὸ
1235 1643 1489 1696 σκολύθρων·
1521 1645 1623 1699 quid
1685 1647 1687 1650 ⁴

191 1704 302 1743 enim
326 1703 403 1740 ista
425 1703 502 1740 sibi
524 1702 688 1741 velint?
728 1712 798 1741 aut
823 1716 1021 1754 quaenam
1045 1702 1121 1739 ista
1147 1702 1234 1739 sint
1253 1699 1480 1752 σκόλυθρα,
1509 1700 1622 1741 unde

189 1773 340 1797 nomen
365 1758 545 1796 habeant
570 1756 806 1811 σκολύθρια,
800 1757 819 1787 Ρ
846 1758 998 1795 frustra
1018 1757 1102 1795 fuit
1122 1757 1244 1796 etiam
1267 1757 1518 1807 Stephanus,
1549 1756 1622 1810 qui

189 1816 454 1880 σκολυθρίων
462 1815 619 1856 maluit
650 1815 875 1865 multisque
895 1826 937 1852 se
959 1811 1124 1850 modis
1113 1826 1157 1849 111
1182 1811 1262 1850 hoc
1281 1814 1378 1852 loco
1403 1812 1537 1854 torsit
1574 1820 1623 1850 ut
1689 1823 1690 1826 ’

191 1870 302 1909 enim
333 1885 353 1907 a
374 1867 538 1922 θρανος,
569 1868 758 1921 θροῖνιον,
788 1871 944 1922 διφρος,
975 1870 1148 1920 δίφριον,
1178 1868 1239 1905 sio
1267 1876 1310 1906 et
1337 1881 1359 1905 a
1384 1865 1621 1922 σκόλυθρος,
1687 1895 1690 1910 ι

174 1923 448 1978 ,σκολύθριον
509 1926 626 1963 Istud
656 1940 780 1977 porro
800 1928 994 1966 ταπεινῶν
1015 1921 1094 1965 απὸ
1116 1921 1370 1972 σκολύθρων.
1399 1927 1537 1976 χρῆσις
1558 1931 1622 1963 est

191 1981 369 2020 alicuius
391 1980 607 2032 scriptoris
629 1984 693 2019 vel
716 1986 874 2032 poe'tae,
905 1979 974 2018 cui
993 1979 1222 2030 Hesychius
1241 1977 1395 2017 adiecit
1417 1979 1620 2030 interpre-

188 2036 306 2075 tandi
330 2050 447 2074 causa
478 2038 654 2087 δίφρων·
694 2050 826 2090 neque
847 2038 1040 2076 ταπεινῶν
1063 2047 1168 2086 opus
1193 2043 1281 2072 erat
1301 2032 1477 2080 addere,
1508 2043 1556 2072 ut
1574 2033 1621 2071 in

188 2092 322 2145 priori
352 2092 501 2129 Glossa
524 2092 697 2142 fecerat,
728 2086 893 2132 ταπεινοῖ
917 2093 1078 2141 δίφρια,
1111 2104 1204 2127 cum
1239 2089 1282 2126 in
1314 2088 1416 2141 ipsis
1430 2088 1620 2127 auctoris

177 2146 331 2187 *verbis
349 2147 390 2185 id
412 2146 709 2185 contineretur.
770 2147 927 2185 Videor
959 2156 1094 2184 autem
1121 2144 1228 2183 hauc
1254 2143 1357 2182 mihi
1379 2157 1520 2182 vocem
1545 2143 1622 2181 in—
1659 2174 1663 2177 .

189 2203 353 2243 venisse
381 2203 424 2240 in
456 2203 690 2249 Aristotele,
730 2201 797 2240 sed
829 2201 896 2238 cui
922 2201 1143 2253 caliginem
1169 2198 1394 2238 obduxerit
1413 2197 1620 2236 Codicum

189 2259 398 2299 editorum
431 2260 677 2310 corruptela.
719 2258 779 2294 sic
802 2256 884 2294 ille
895 2255 1172 2305 Philosophus
1194 2253 1395 2292 Problem.
1426 2252 1533 2292 Seot.
1559 2251 1621 2294 16.

189 2325 348 2367 quaest.
367 2316 404 2353 4.
422 2314 492 2350 ubi
515 2312 564 2350 de
586 2311 821 2382 aequalibus
835 2310 1001 2364 angulis
1022 2307 1238 2348 incidendi
1253 2316 1385 2374 atque
1403 2305 1620 2347 reflecten-

189 2370 233 2408 di
268 2370 454 2423 quaerit:
492 2367 538 2409 τοὶ
563 2368 604 2408 δὲ
637 2366 921 2433 ευθυγραμμα,
963 2362 1026 2406 διά
1051 2380 1091 2405 τε
1120 2363 1192 2414 τήν
1214 2359 1388 2404 καθετον
1414 2360 1537 2414 αὐτὴν
1564 2364 1621 2411 εἰς

184 2425 463 2492 τοῦμπροσθεν
484 2425 734 2477 προσηνέχθη
756 2420 1018 2489 ἔκκρούεσθαι
1031 2449 1048 2472 ‚
1074 2417 1255 2485 καθαπερ
1269 2423 1350 2465 τοῖς
1369 2434 1408 2460 τε
1425 2419 1621 2471 ξυρουμέ-

187 2497 274 2528 νοις
295 2480 342 2521 τοὶ
363 2482 474 2532 σκέλη
505 2483 728 2533 συμβαίνει,
768 2495 834 2519 και
864 2493 920 2517 ων
945 2476 1037 2523 τούς
1062 2471 1289 2540 κολῦθρους
1316 2469 1618 2540 ὖφαρπάζουσι·

186 2537 231 2574 in
254 2535 463 2588 prioribus
487 2537 544 2575 ita
561 2534 798 2603 legendum,
829 2546 892 2571 me
918 2530 1081 2570 iudice:
1113 2527 1162 2571 τοὶ
1182 2529 1223 2571 δὲ
1243 2525 1520 2583 ευθύγραμμα,
1552 2527 1618 2570 διά

186 2608 227 2633 τε
252 2589 322 2645 τὴν
345 2589 514 2634 κάθετον
540 2587 671 2633 αὐτῶν
690 2592 743 2639 εἰς
762 2588 1037 2644 τοῦμπροσθεν
1056 2588 1388 2641 προςενεχθῆναι,
1428 2582 1617 2641 ἐκκρούε-
