1656 2976
175 126 281 167 1722
761 120 813 166 X·
873 127 964 166 137.

115 287 117 289 q
170 230 374 272 manibus.
415 233 569 275 accidit
597 243 742 275 autem
769 243 817 274 ut
841 234 1131 274 Grammatici
1161 249 1249 276 non
1279 249 1373 286 raro
1398 238 1592 290 protule-

169 290 256 328 rint
283 288 483 342 quaedam
509 305 531 329 e
566 290 983 342 Tlmmophoriazueis
1021 288 1217 334 secundis
1252 293 1368 342 loca,
1393 331 1399 334 ,
1421 305 1528 347 quae
1555 292 1592 330 si

169 346 259 398 quis
271 343 316 383 in
349 345 557 398 prioribus
584 346 781 386 instituat
811 359 1031 399 quaerere,
1066 360 1228 399 operam
1261 360 1422 386 omnem
1455 347 1590 390 ludet.

168 400 291 439 istius
320 400 381 439 rei
410 401 618 455 egregium
646 411 760 440 extat
784 399 1075 442 documentum
1098 404 1142 441 in
1166 411 1308 442 nostro
1322 402 1495 444 Polluce
1516 402 1589 442 lib.

166 455 262 495 VII.
301 467 391 507 cap.
419 468 482 497 22.
527 455 577 495 ad
609 470 730 510 quem
757 459 895 496 locum
929 456 1007 496 hac
1031 457 1173 498 eadem
1202 456 1254 497 de
1291 471 1335 496 re
1374 465 1592 496 monuerat

165 511 498 565 Iungermannus
522 526 544 551 e
570 511 808 553 Casaabono
837 511 888 551 ad
909 513 1061 560 Athen.
1090 512 1164 553 lib.
1191 512 1226 554 Ι
1256 522 1304 555 ut
1327 513 1458 567 magis
1487 512 1590 552 adeo

165 567 311 618 mirer,
343 581 434 605 cum
465 581 547 607 rem
571 582 657 607 eam
674 567 876 622 habuerit
896 577 1170 620 compertam,
1194 567 1405 608 hominem
1433 567 1593 605 acutis-

166 623 314 661 simum
333 621 405 661 hic
423 622 634 664 fluctuare.
694 623 775 665 Sed
804 637 930 675 porro
953 623 1196 674 notandum,
1227 637 1331 677 quos
1353 638 1403 662 ex
1426 624 1591 662 Aristo-

160 679 303 732 phane
320 677 555 728 φασκώλους
583 678 653 726 hic
677 688 719 718 et
745 678 821 717 lib.
851 678 946 716 VII.
987 679 1136 717 Noster
1165 681 1369 732 appellat,
1400 677 1592 732 φάσκωλα

165 734 301 776 dicere
318 734 695 786 Harpocrationem
718 749 771 774 ex
791 732 936 773 eodem
962 733 1136 784 Οοῑηίσο,
1166 735 1341 777 Seu'dam
1361 744 1404 774 et
1421 736 1593 786 Etyma-

163 792 301 842 logum
328 790 534 841 Magnum
571 803 747 844 genere
760 798 921 828 neutro.
973 788 1122 842 quibua
1163 789 1341 831 forsitan
1385 790 1591 829 accenseri

163 854 304 899 potest
331 844 555 884 Isidorus·
544 860 588 884 m
611 846 792 885 Gloeeis:
823 845 1055 893 Paculam,
1086 844 1312 896 sacculum,
1344 846 1591 896 pameoeum.

163 915 240 954 pro
261 900 414 955 quibus
444 900 640 941 existimo
674 898 960 940 scribendum:
990 901 1274 948 Phasculum,
1307 903 1374 940 vel
1394 901 1592 946 Phaeca-

164 959 263 1006 lum,
288 958 515 1004 saeculum,
546 958 822 1007 phase-colum,
854 955 968 1009 quod
989 965 1124 999 tamen
1148 956 1356 1008 posterius
1377 956 1487 995 forte
1505 969 1593 994 non

162 1012 254 1059 sine
275 1013 438 1054 ratione
456 1012 625 1065 penitus
652 1011 904 1052 eiiciendum
923 1010 1081 1051 dixero.
1112 1012 1158 1050 in
1180 1011 1310 1054 Gloss.
1341 1020 1451 1052 certe
1470 1011 1591 1052 MSS.

163 1081 269 1121 quae
296 1068 555 1120 Phaoolum,
609 1069 819 1107 sacculum
846 1081 945 1120 prae
976 1081 1020 1105 se
1049 1066 1264 1117 ferebant*
1310 1066 1458 1105 nihil
1446 1067 1593 1106 inveni

162 1127 257 1165 tale.
296 1123 398 1163 alias
429 1133 471 1162 et
503 1122 710 1176 φάσκωλος
741 1137 891 1178 genere
917 1125 1101 1162 masculo
1132 1132 1248 1163 extat
1285 1121 1396 1175 apud
1423 1126 1594 1166 Ammo-

162 1182 301 1227 nium,
328 1180 600 1231 Hesydziszm,
636 1181 848 1231 Thomam,
876 1188 918 1218 et
937 1179 1207 1217 Eustathium
1227 1177 1278 1217 ad
1300 1179 1440 1230 Odyoa.
1469 1183 1519 1220 B.
1549 1187 1592 1217 et

161 1240 212 1276 E.
239 1235 284 1272 in
301 1236 518 1273 Ammonio
549 1249 652 1275 vero
685 1213 884 1287 φασκᾶλος
903 1236 1007 1274 male
1023 1234 1202 1286 reperies
1221 1233 1400 1284 editum,
1431 1243 1473 1272 et
1493 1238 1593 1286 ἱμα-

162 1292 331 1342 τοφορία
366 1304 442 1343 pro
472 1294 731 1343 ἱματοφορῖς,
779 1290 893 1343 quod
924 1303 975 1328 ex
1004 1289 1230 1330 Eustatlzio
1273 1288 1590 1331 restituendum.

161 1352 281 1399 potes
302 1355 438 1384 autem
457 1359 508 1384 ex
529 1346 596 1397 iis,
626 1361 729 1400 quos
750 1344 992 1395 nominavi,
1025 1343 1302 1384 differentiam
1321 1341 1535 1398 φασκῶλου
1549 1354 1593 1384 et

161 1403 390 1455 φασκωλίου
410 1400 598 1452 haurire‚-
629 1415 864 1454 quanquam
898 1414 975 1454 ego
1003 1400 1195 1466 profecto
1223 1402 1378 1439 nullam
1396 1413 1486 1441 esse
1510 1401 1591 1439 du-

163 1472 276 1504 cam,
307 1457 393 1495 nisi
429 1456 540 1520 quod
570 1466 727 1496 veteres
758 1455 1020 1496 solummodo
1053 1452 1266 1508 φασκωλον
1293 1454 1500 1510 dixerint,
1528 1469 1591 1494 re-

164 1512 373 1553 centiores
403 1512 526 1552 etiam
557 1510 806 1564 ᾳασκώλιον,
825 1525 921 1576 quo
944 1511 1172 1550 Libanium
1199 1525 1316 1550 usum
1349 1521 1469 1551 notat
1496 1514 1591 1551 Ma-

161 1571 317 1621 grhlem
357 1577 645 1621 praeterquam
678 1567 791 1621 quod
822 1567 905 1619 ipsi
936 1566 1064 1610 inter
1077 1579 1167 1605 sese
1190 1567 1471 1615 Grammatici
1499 1567 1592 1606 dis-

164 1624 363 1664 sentiant.
394 1637 519 1676 porro
553 1623 664 1677 apud
693 1625 1090 1674 Harpocrationem,
1119 1623 1400 1676 Etymohgum
1425 1632 1467 1663 et
1489 1624 1593 1675 Sui·
1652 1628 1656 1668 ξ

164 1680 262 1719 dam
285 1682 581 1734 ἱματιοᾳορεῖον
600 1693 694 1720 esse
711 1678 934 1732 legendum
959 1679 1122 1724 sentio,
1152 1678 1326 1732 ipsaque
1346 1691 1409 1718 res
1430 1671 1589 1720 clainat.
1651 1678 1656 1687 '

164 1735 209 1776 id
231 1735 366 1785 enim,
397 1735 480 1773 nisi
502 1749 566 1775 me
588 1737 719 1785 fallo,
749 1737 921 1780 volunt,
952 1731 1179 1787 φασκαίλιον
1205 1747 1294 1774 esse
1315 1733 1590 1775 vestimento-

163 1806 253 1831 rum
274 1788 583 1857 repositorium.
614 1791 750 1830 simile
770 1803 936 1843 prorsus
963 1789 1112 1832 vitium
1135 1790 1180 1829 in
1206 1789 1336 1828 suida
1351 1797 1394 1829 et
1417 1791 1592 1843 Etymo—

165 1848 260 1900 logo
281 1861 386 1886 voce
405 1843 598 1905 sandica.
630 1846 704 1885 ubi
734 1845 966 1900 σμήνματα.
993 1848 1134 1899 φορεῖα
1146 1848 1344 1900 leguntur
1363 1858 1440 1897 pto
1459 1861 1590 1900 σμηγ.

162 1904 418 1959 ματοφορεῒα,
449 1916 512 1944 me
540 1890 694 1941 iudice.
727 1902 832 1944 vid
847 1903 1043 1940 Nostrum
1065 1915 1190 1955 segm.
1211 1912 1300 1952 127.
1356 1901 1588 1942 Fatendum

164 1960 289 2001 etiam
322 1967 383 1997 est
410 1957 708 1996 Grammaticos
736 1971 821 1996 non
849 1966 1009 1996 tantum
1035 1956 1114 1994 sibi
1133 1970 1219 1996 non
1241 1965 1430 2005 constare
1445 1957 1489 1997 in
1511 1957 1590 1998 hnc

166 2013 416 2067 exponenda
445 2026 572 2061 voce,
620 2013 692 2052 sed
720 2013 843 2055 etiam
876 2026 1010 2052 errare
1039 2013 1202 2052 fortean
1236 2021 1406 2065 propter
1435 2013 1590 2053 simili-

165 2071 354 2110 tudinem
394 2070 640 2122 φακεωλιόυ·
690 2083 780 2107 cum
815 2068 924 2106 enim
953 2069 1216 2136 Etymologus
1246 2081 1300 2109 ex
1331 2068 1472 2106 nescio
1504 2083 1588 2123 quo

164 2136 333 2166 auctore
355 2124 576 2178 φάσκωλος,
607 2124 762 2177 inquit,
793 2122 949 2175 ἱμάτιον
968 2125 1074 2166 ἐστὶν
1094 2121 1118 2166 ὃ
1132 2125 1322 2177 φορεῖται,
1351 2122 1464 2162 aliud
1489 2133 1590 2180 age'-
1633 2132 1642 2139 '⁴

167 2183 251 2223 bat.
284 2195 403 2235 quem
429 2181 558 2219 enim
573 2180 673 2218 huic
698 2179 1039 2232 interpretationi
1059 2181 1239 2219 colorem
1257 2179 1487 2218 conciliet?
1516 2180 1590 2221 sed
1625 2205 1628 2212 -

167 2239 239 2278 ille
260 2251 399 2277 revera
429 2236 535 2275 hac
523 2250 566 2278 m
593 2249 702 2280 voce
719 2233 947 2273 miserrime
971 2245 1191 2287 corruptus
1214 2242 1301 2281 est,
1328 2249 1461 2289 neque
1479 2243 1590 2276 tem..
1624 2241 1628 2248 ⁴

167 2293 282 2345 poris
309 2292 478 2345 locique
511 2291 617 2331 ratio
646 2289 844 2329 medelam
879 2289 986 2329 ferre
1008 2290 1247 2343 patiuntut3
1274 2291 1426 2341 Lysiae
1450 2300 1588 2331 tamen

155 2353 283 2396 locus
311 2347 506 2401 conquiri
532 2356 670 2398 potest
705 2356 747 2385 et
779 2344 986 2392 emendari
1016 2359 1068 2384 ex
1095 2347 1434 2397 Harpocratione.
1493 2349 1587 2403 Ego

167 2419 266 2443 vero
291 2402 504 2455 φάσκωλον
523 2403 685 2441 Atticos
716 2400 870 2439 dixisse
894 2401 1092 2440 existimo
1122 2415 1282 2440 saccum
1288 2403 1490 2457 quemvis
1507 2417 1588 2442 co·-

168 2461 367 2505 riaceum,
401 2473 484 2512 quo
503 2468 575 2497 aut
598 2457 649 2498 ad
667 2455 927 2497 recondenda
950 2456 1215 2504 vestimenta,
1246 2458 1486 2510 pecuniam,
1515 2468 1589 2498 aut

169 2515 248 2554 alia
293 2528 567 2568 quaecunque
607 2512 845 2552 utebantur.
898 2511 1048 2551 talibus
1083 2521 1218 2551 autem
1255 2525 1354 2551 usos
1389 2514 1588 2554 facillime

167 2564 347 2625 probent
376 2570 658 2622 Xenophontis
687 2565 911 2623 μα’ρσιπποι
928 2569 1112 2623 ἱματίων
1117 2568 1243 2608 variis
1268 2568 1311 2607 in
1338 2570 1443 2608 locis
1463 2569 1586 2610 etiam
