1690 2996
175 146 280 186 1252
773 139 851 180 IX.
911 145 929 182 1
937 144 1003 185 48.

172 253 295 293 dibus
324 252 376 291 sit
405 251 657 305 superciliis.
705 250 776 291 sed
806 265 869 292 res
892 266 976 291 rem
1006 250 1149 292 trudit.
1190 251 1240 291 de
1257 251 1400 293 Sileno
1433 251 1590 294 dixisse

177 311 403 348 Varronem
427 322 476 347 eo
501 309 594 346 loco
616 306 829 358 suspicor,
864 306 1062 361 eiusque,
1091 317 1218 362 prout
1245 307 1379 348 literis
1399 303 1486 350 erat
1505 320 1589 348 tra-

173 364 282 413 dita,
313 365 486 403 formam
515 361 794 414 descripsisse.
831 361 902 402 sed
937 363 1072 402 verbis
1105 362 1259 403 insedit
1289 363 1448 404 menda.
1488 363 1590 420 quid

173 421 282 460 enim
306 420 375 458 ina
396 418 476 458 sibi
499 419 646 463 velint,
668 418 762 457 Non
784 425 927 460 nsssnon
947 433 1070 457 unum
1091 428 1170 458 etc.
1201 418 1376 474 refingo,
1397 428 1451 465 et.
1470 415 1590 473 puto,

171 475 406 515 verissime:
443 489 523 512 non
555 487 604 512 ne
628 475 737 511 enim
750 488 877 512 senem
895 484 975 514 etc.
1006 484 1102 528 post
1128 474 1206 512 ista
1233 475 1456 525 Varronis,
1485 488 1590 529 quae

171 531 310 585 posui,
353 529 499 579 verba,
537 529 724 582 sequitur
752 528 796 566 in
827 529 1032 584 vulgatis,
1080 530 1189 582 quod
1214 525 1591 570 Silenus'hircutie

170 588 398 638 superciliis
431 587 676 638 fingeretur,
707 593 900 638 tanquam
925 585 961 623 si
993 587 1250 637 pertinerent
1267 585 1318 624 ad
1345 586 1590 637 Varronem3

171 656 236 681 res
261 652 400 680 tamen
421 655 465 680 se
482 653 598 679 secus
616 638 752 679 habet.
784 649 883 678 sunt
904 640 1013 679 enim
1037 641 1181 688 Nonii,
1211 640 1365 694 quibus
1386 640 1590 694 rationem

171 697 362 738 continet
395 694 625 735 notationis
655 696 851 745 silenum,
886 709 933 735 ac
962 695 997 734 si
1025 709 1174 735 nomen
1203 694 1247 735 id
1276 706 1411 736 ortum
1439 705 1544 736 esset
1567 710 1590 735 a

175 755 324 793 Sileno.
361 751 486 807 idque
510 750 614 803 ipsi,
646 749 791 798 credo,
827 765 877 790 eo
907 751 1038 804 magis
1068 751 1231 802 arrisit,
1272 750 1387 806 quod
1415 765 1465 791 eo
1492 747 1588 791 loco

174 810 396 850 Varronem
425 806 585 846 videret
600 806 732 845 Sileni
761 805 931 859 figuram
961 806 1262 858 delineantem,
1292 814 1412 862 q'uam
1439 816 1512 856 tu,
1542 815 1591 845 ut

169 865 241 904 hic
262 879 283 903 a
304 873 538 914 togatorum
560 860 803 900 doctissimo
828 859 1003 900 effictam
1032 862 1241 907 existimo,
1272 876 1488 916 compone,
1518 863 1588 912 sis,

170 935 263 960 cum
294 921 481 958 Luciam:
507 915 857 970 descriptionem
878 916 1058 956 Baccho.
1115 916 1214 956 Non
1242 917 1387 970 itaque
1402 916 1507 957 bene
1527 926 1590 957 et-

170 978 252 1016 iam
284 975 575 1014 Onomasticon
605 981 724 1011 vetus
750 971 859 1020 Silo,
899 970 1086 1024 ἐξόφρυς·
1126 985 1221 1010 nam
1251 986 1294 1011 re
1320 986 1414 1012 vera
1442 986 1518 1015 nec
1543 971 1589 1014 id

168 1033 258 1071 Silo
288 1029 520 1083 significat,
563 1041 639 1066 nec
672 1025 908 1080 significare
934 1036 1096 1081 potest,
1135 1027 1220 1066 nisi
1246 1027 1427 1067 forsitan
1454 1026 1591 1068 dicero

169 1088 294 1132 velis,
326 1087 470 1130 illum,
500 1083 572 1137 qui
591 1081 727 1120 isthac
747 1081 836 1119 nasi
855 1081 983 1121 forma
1006 1081 1219 1136 praeditus
1249 1092 1334 1132 est,
1365 1083 1589 1137 supercilia

168 1147 412 1197 plerumque
441 1139 626 1192 proiecta
653 1136 828 1185 habere,
871 1137 985 1190 quod
1014 1148 1150 1178 tamen
1177 1136 1229 1178 ad
1255 1137 1387 1192 ipsam
1407 1139 1589 1178 nativam

169 1199 286 1238 vocis
318 1195 533 1235 notionem
561 1193 710 1232 ducere
734 1206 819 1232 non
844 1192 955 1236 licet.
1015 1194 1144 1233 Porro
1165 1195 1294 1233 simus
1317 1203 1359 1234 et
1379 1194 1480 1234 silus
1501 1208 1588 1234 non

169 1253 371 1292 differunt
400 1249 621 1304 equidem,
651 1248 688 1288 si
717 1262 809 1288 cum
838 1262 934 1288 cura
960 1249 1080 1302 loqui
1108 1249 1224 1291 velis.
1255 1249 1330 1302 qui
1350 1250 1434 1289 sint
1456 1251 1526 1288 sili
1547 1258 1590 1289 et

145 1311 311 1349 ‘cilones
338 1308 418 1346 iam
450 1305 646 1345 vidimus.
687 1314 734 1343 tu
763 1317 861 1343 vero
898 1317 1001 1357 quos
1031 1303 1179 1343 Graeci
1209 1302 1348 1359 σιμούς
1378 1307 1590 1357 appellant

161 1366 282 1404 disce
309 1378 360 1403 ex
391 1361 483 1400 istis
516 1361 773 1400 Scholiastae
802 1360 1006 1399 Theocriti
1034 1358 1167 1399 verbis
1197 1358 1249 1399 ad
1276 1359 1426 1400 haecce
1456 1359 1588 1399 Siculi

165 1423 322 1461 Poetae
339 1417 436 1456 Eid.
470 1429 532 1457 ιι.
563 1415 729 1458 nidum
752 1416 812 1468 ῥῖς
828 1413 897 1457 ἐπὶ
913 1417 1056 1469 plin·
1083 1415 1292 1467 τουτέστιν,
1321 1415 1476 1470 inquit.
1507 1418 1590 1469 εἰμὶ

167 1473 303 1525 σιμός·
332 1471 451 1526 σιμός
476 1474 519 1514 δὲ
543 1470 691 1515 iuti-»6
708 1472 1012 1524 συγκαθημένην
1030 1469 1128 1524 ἔχων
1147 1466 1220 1521 tva
1247 1474 1363 1526 (ilua,
1394 1474 1461 1513 zai
1488 1473 1589 1516 ἅνε-

164 1529 358 1583 στηκότας
385 1524 478 1578 τούς
508 1524 727 1582 ῥώθωνας,
775 1525 925 1581 γρυπός
962 1529 1004 1568 δὲ
1033 1526 1057 1568 o‘
1087 1527 1293 1579 ἐπικαμπῆ
1317 1524 1465 1577 ταύτην
1490 1527 1587 1581 ἔχων

164 1592 277 1638 δίκην
305 1588 482 1640 ἱέρακος·
523 1583 568 1622 id
595 1584 730 1636 ipsum
760 1585 998 1622 luculenter
1025 1591 1141 1635 patet
1168 1597 1220 1623 ex
1240 1585 1423 1622 Auctore
1440 1593 1587 1623 nostro

165 1646 224 1695 II,
259 1641 325 1695 75.
367 1640 441 1679 ubi
469 1640 577 1679 inter
603 1640 683 1678 alia
710 1640 776 1680 ἐπὶ
800 1639 842 1679 δὲ
871 1638 942 1680 τοῦ
971 1638 1092 1691 σιμοῦ
1118 1640 1240 1691 φαίης
1264 1637 1336 1688 ἄν,
1365 1638 1420 1687 αἷς
1440 1637 1543 1681 ἔστιν
1560 1636 1589 1689 η’

163 1703 225 1757 ῥὶς
243 1702 286 1742 ἐκ
302 1699 434 1751 μέσων
450 1698 560 1745 κοίλη
574 1710 583 1720 ·
612 1704 653 1734 et
674 1707 758 1748 quo
781 1693 863 1733 alio
885 1692 1009 1733 modo
1028 1693 1162 1746 possis
1179 1693 1412 1748 intelligere
1429 1696 1589 1734 Lucre-

167 1760 271 1797 tium
289 1755 332 1793 in
350 1753 468 1792 istis:
498 1752 666 1802 simula,
696 1750 839 1799 sileno,
871 1758 946 1787 aut
967 1750 1121 1802 Satyra
1144 1757 1212 1792 est.
1242 1763 1336 1788 nam
1349 1750 1586 1790 Silenorum

164 1822 275 1852 certe
306 1819 347 1848 et
380 1809 622 1856 Satyrorum
659 1819 777 1844 nares
812 1803 1006 1844 inferiori
1041 1814 1155 1857 parte
1182 1803 1388 1858 repandae
1411 1814 1509 1844 sunt
1540 1804 1586 1844 iu

165 1868 259 1908 istis
282 1863 534 1917 imaginibus
556 1871 597 1900 et
621 1861 817 1914 gemmis,
849 1874 950 1913 quas
975 1869 1156 1899 vetustas
1177 1860 1228 1899 ad
1249 1873 1325 1900 nos
1342 1859 1585 1901 transmisit.

163 1937 242 1963 nec
268 1921 351 1960 alio
382 1917 506 1956 modo
537 1916 750 1969 depictum
781 1915 1047 1954 meminimus
1066 1916 1297 1966 Socratem,
1335 1929 1456 1970 quem
1489 1915 1588 1954 for-

163 1993 269 2018 mam
299 1973 426 2014 faciei
459 1982 583 2024 atque
609 1974 770 2011 vultum
792 1970 952 2022 Satyris
981 1980 1023 2009 et
1053 1970 1207 2010 Silenis
1235 1979 1445 2024 comparat
1461 1973 1588 2010 Alci-

162 2033 298 2073 biades
319 2030 363 2068 in
390 2029 582 2066 Platonis
607 2028 814 2078 Symposio
822 2041 839 2074 ,·
869 2025 973 2065 adde
1002 2025 1112 2079 quod
1139 2026 1183 2064 in
1214 2025 1400 2080 antiquis
1425 2026 1587 2067 Glouie

166 2091 276 2140 Silo,
304 2082 419 2138 σιμός
449 2092 694 2135 exponatur.
737 2080 807 2120 sed
837 2090 974 2120 tamen
995 2082 1177 2120 Romani
1204 2095 1289 2121 non
1321 2084 1455 2121 solum
1470 2083 1583 2130 illos,

164 2145 238 2199 qui
271 2137 466 2194 repandis
496 2137 688 2177 inferiori
711 2142 828 2190 'parte
851 2145 949 2174 sunt
971 2136 1163 2186 naribus,
1190 2136 1261 2176 sed
1282 2146 1324 2177 et
1343 2138 1414 2192 qui
1429 2137 1584 2192 patulis

163 2204 309 2240 saltem
329 2207 455 2248 atque
476 2192 698 2232 latioribus
719 2201 839 2238 sunt3
871 2189 983 2229 unde
1001 2195 1127 2230 simae
1143 2190 1339 2243 capellae,
1368 2207 1453 2232 non
1481 2205 1587 2244 quae

163 2254 317 2309 pressis
358 2254 443 2291 sint
481 2247 673 2300 naribus,
712 2257 758 2284 ut
792 2247 927 2284 minus
956 2245 1062 2285 bene
1091 2248 1278 2296 Servius,
1317 2245 1388 2286 sed
1418 2247 1584 2300 patulis.

163 2314 333 2350 resimas
364 2309 407 2345 in
441 2306 619 2343 Varrone
651 2312 690 2341 et
721 2302 939 2339 Columella
975 2299 1129 2339 dudum
1156 2311 1243 2351 est,
1284 2299 1395 2356 quod
1428 2300 1584 2342 eruditi

163 2366 242 2406 viri
263 2362 466 2403 notarint.
526 2360 639 2399 Haec
665 2371 777 2397 vero·
793 2359 1007 2410 paululum
1038 2355 1205 2395 uberius
1225 2357 1421 2409 prosequi
1441 2357 1582 2406 libuit,

164 2419 278 2474 quod
299 2415 614 2457 eruditissimos
643 2414 764 2453 etiam
787 2413 899 2450 viros
919 2410 960 2448 in
984 2410 1051 2448 his
1074 2410 1321 2460 haesitasse,
1356 2422 1398 2452 et
1415 2412 1466 2453 de
1485 2412 1585 2466 qui-

161 2475 335 2515 busdam
364 2482 476 2512 recte
505 2471 642 2509 minus
676 2467 885 2508 censuisse
913 2475 1047 2504 certus
1080 2466 1169 2505 sim.
1226 2467 1295 2504 Ex
1316 2467 1407 2506 istis
1433 2478 1584 2517 autem,

164 2545 270 2586 quae
290 2528 407 2577 dixi,
439 2541 521 2565 rem
554 2526 697 2564 sinon
725 2520 1104 2576 expeditissimam,
1139 2523 1273 2559 saltim
1301 2523 1393 2561 veti
1415 2523 1586 2562 similli-

167 2601 270 2626 mam
307 2597 395 2623 esse
426 2579 584 2630 σιλλοιῖς
613 2580 662 2620 ab
691 2576 878 2633 antiquis
905 2576 1073 2615 Graecis
1095 2579 1338 2630 appellatos,
1369 2593 1472 2634 quos
1494 2581 1586 2619 vul-
