1690 2996
179 135 287 176 1206
779 131 858 173 IX.
918 136 1012 178 127.

177 248 220 285 αἱ
240 243 304 285 καὶ
324 238 638 296 τετρασυλλᾶβως
655 240 878 294 Μαλιοῖδές,
898 261 997 287 κατα
1010 241 1071 292 td.
1099 246 1220 299 φῖττα
1235 243 1456 298 Μαλιᾶδες,
1485 245 1603 315 φίττα

175 299 322 346 Ῥοιαῖ,
352 301 472 367 φίττα
502 300 682 340 Meum·
729 302 771 341 ἐν
802 301 862 349 οἷς
904 301 1088 369 Νυμᾳων
1118 302 1189 354 μέν
1225 305 1322 344 εἰσιν
1348 299 1522 355 ὀνόματα
1551 299 1603 344 ταὶ

175 348 358 405 θηλυκα·
389 372 434 396 το
462 355 504 395 δὲ
526 357 665 407 φίττα,
705 356 904 408 ἕπίῤῥημα
940 355 1085 426 τάχους
1113 356 1358 407 δηλωτικόν·
1396 357 1508 400 navo?
1535 359 1602 400 καὶ

175 409 287 464 napo?
320 413 515 467 Θεοκρίτῳ
536 427 580 453 το
615 413 750 452 oltra·
779 411 851 450 ubi
875 409 1086 461 Μαλιοῖδες
1105 413 1316 466 expositss
1336 412 1474 455 habes.
1530 414 1601 452 De

175 469 350 515 Melicas·
370 465 459 504 dixi
478 453 528 504 ad
553 468 743 518 Longum
763 481 897 506 meum
922 469 1016 509 libr.
1037 469 1118 508 ΠΙ.
1147 469 1432 522 pastoralium.
1465 469 1601 512 ‘Ponat

175 521 283 561 mihi
313 536 398 560 non
437 522 568 575 magis
603 531 728 560 notae
769 533 888 573 sunt,
940 538 1062 577 quam
1076 523 1232 566 ”Elam
1266 523 1377 578 apud
1408 525 1599 576 Longum

175 591 324 619 meum.
383 576 456 618 Sic
483 577 645 631 itaque,
685 586 732 615 ut
753 577 864 630 dixi,
895 578 1093 618 distincte
1122 580 1232 619 forte
1255 578 1367 633 apud
1388 581 1600 619 Pollucem

176 631 393 672 scribenda
427 632 532 679 ista,
570 632 678 683 nisi,
713 643 761 671 ut
793 647 843 672 ex
863 636 965 688 χὲλει
982 632 1150 688 χελώνη,
1188 634 1298 687 apud
1321 635 1439 674 illum
1462 645 1599 675 tamen

163 686 404 744 4χιελιχιελιπόιοη
433 702 517 727 una
546 701 651 728 voce
681 689 898 740 scribitur,
929 691 988 729 ita
1009 700 1050 731 et
1069 691 1214 730 horum
1232 691 1399 732 παιδιῶν
1424 691 1595 731 nomina

175 746 341 796 extulit,
369 744 443 782 ubi
464 753 599 784 tamen
619 748 845 797 φιτταροιαι
862 747 1069 799 profecto,
1089 760 1175 785 non
1193 747 1374 801 φίτταροι
1389 755 1438 785 ut
1452 749 1597 800 vulgo,

173 800 352 840 scribere
382 798 521 840 debes.
571 799 642 839 sed
666 801 848 839 sinamus
878 801 952 839 has
982 804 1140 854 puellas
1170 801 1338 851 ludere,
1368 810 1412 842 et
1436 802 1597 856 reliqua

174 870 372 896 conemur
392 869 629 908 percurrere
645 864 694 893 ut
719 856 768 894 ad
788 856 943 895 seriora
963 857 1266 908 perveniamus.
1321 857 1443 898 Iunc.

283 940 310 989 η’
336 936 674 993 φιτταμαλιάδες]
723 939 934 978 Nimirum
967 938 1026 977 ita
1065 939 1149 978 fuit
1185 939 1344 980 editum
1378 949 1475 981 ante
1505 955 1595 992 nos,

174 995 327 1050 quibus
350 1006 389 1034 et
406 995 476 1034 hic
495 1005 537 1035 et
555 994 746 1048 superius
768 1005 1007 1047 segm.122.
1038 1005 1169 1063 atque
1182 994 1226 1034 in
1251 996 1393 1037 indice
1414 996 1597 1051 capitum

171 1065 372 1105 reponere
399 1051 580 1103 placuit,
612 1053 731 1103 oltra
748 1048 982 1100 Μαλιάδες,
1013 1052 1133 1103 φίττα
1157 1049 1312 1100 ‘Polam
1353 1054 1476 1105 φίττα
1499 1058 1598 1095 Με-

169 1110 266 1157 Mac,
291 1106 501 1159 quomodo
520 1105 740 1174 legendum
763 1105 924 1145 viderat
943 1105 1067 1145 etiam
1090 1108 1292 1147 Meursius
1309 1116 1351 1146 et
1372 1109 1597 1160 Sopingius

171 1164 223 1202 ad
243 1164 315 1201 illa
338 1162 549 1213 Hesychii,
578 1159 794 1212 Μηλιαδες,
821 1160 988 1214 νύμφαι.
1045 1161 1178 1205 ‘Polou
1199 1177 1303 1216 quae
1324 1164 1422 1214 sint,
1452 1177 1515 1203 res
1536 1173 1597 1203 est

170 1221 342 1260 incerta.
379 1232 443 1257 me
468 1227 605 1257 tamen
636 1218 673 1256 si
701 1231 847 1272 roges,
884 1217 1088 1256 Doricam
1121 1231 1207 1257 eam
1241 1232 1331 1258 esse
1346 1233 1489 1259 vocem
1513 1234 1596 1273 pu-

169 1274 295 1324 tabo,
325 1274 436 1313 sicut
455 1282 495 1312 et
515 1271 746 1322 Μαλιαδες,
783 1286 889 1326 quae
915 1272 1118 1325 nymphas
1141 1287 1336 1328 aquarum
1353 1272 1595 1313 fluminum-

172 1345 252 1385 que
283 1327 490 1382 praesides
519 1328 706 1383 designet
732 1326 814 1371 ἆπό
840 1328 909 1369 τοῦ
940 1329 1054 1378 §im
1100 1330 1190 1394 (iola
1219 1329 1300 1367 alia
1326 1329 1505 1370 notione
1532 1339 1596 1370 est

170 1384 282 1439 apud
310 1385 580 1437 Hesydziscm,
623 1398 729 1438 quae
771 1393 906 1423 tamen
936 1384 1050 1422 illam
1080 1385 1195 1424 vocis
1228 1384 1399 1424 formam
1430 1384 1592 1438 probet,

168 1440 374 1496 parilique
402 1438 572 1479 modo*
547 1442 636 1493 ροία
658 1439 881 1493 papaveris
902 1438 1106 1493 quoddam
1131 1453 1284 1504 genus,
1314 1438 1420 1479 dicti
1441 1441 1594 1480 Roma-

169 1498 235 1537 nis
253 1498 439 1543 erratici,
469 1497 722 1535 nominatur.
753 1498 811 1536 ita
833 1495 998 1548 quidem
1019 1494 1251 1534 scribitur
1239 1509 1285 1534 m
1306 1497 1452 1536 Plinio
1473 1496 1528 1536 H.
1540 1496 1594 1538 N.

168 1553 285 1626 XIX.
308 1566 422 1619 ..⁰³P-
449 1550 486 1592 8.
542 1562 584 1590 et
617 1553 758 1590 Paulo
784 1551 1003 1617 Aegineta.
1051 1549 1124 1590 sed
1162 1550 1344 1590 Galenus
1370 1551 1466 1591 libr.
1494 1552 1594 1592 VII.

167 1610 257 1663 περὶ
277 1607 347 1657 τῆς
366 1624 443 1649 των
462 1605 602 1649 «inam
617 1605 835 1661 φαρμάκων
853 1604 1073 1660 δυναμεως,
1101 1602 1242 1659 ῥοιαδα
1269 1607 1474 1657 nominat,
1503 1621 1594 1647 non

169 1668 280 1719 ροίαν
313 1678 387 1703 seu
419 1664 597 1708 rhoeam
634 1664 718 1702 fuit
746 1663 791 1702 in
811 1677 890 1701 usu
909 1673 1083 1717 utraque
1101 1663 1216 1701 vocis
1237 1663 1394 1714 forma,
1425 1663 1534 1702 siout
1552 1672 1596 1704 et

168 1732 386 1774 utramque
416 1720 553 1772 reperi
581 1721 625 1758 in
656 1719 788 1759 veteri
820 1717 999 1770 quodam
1027 1717 1185 1758 Codice
1215 1718 1308 1759 MS.
1349 1717 1398 1760 de
1420 1718 1484 1760 Re
1505 1718 1594 1759 Me-

169 1777 277 1817 dica.
334 1777 488 1822 Porro,
521 1774 712 1828 quamvis
737 1775 860 1814 MSS.
891 1774 1038 1813 invitis
1068 1772 1183 1812 haud
1207 1773 1332 1812 facile
1352 1773 1454 1827 quid
1470 1774 1594 1814 resti-

167 1843 284 1872 tuere
317 1844 456 1879 coner,
490 1832 574 1886 legi
603 1841 740 1869 tamen
761 1831 987 1883 praeferam
1016 1831 1201 1879 Μηλίαι,
1238 1839 1286 1867 ut
1309 1828 1475 1869 eaedem
1504 1829 1593 1868 sint

169 1901 274 1942 quae
298 1885 528 1934 Μαλιάδες,
563 1886 634 1926 sed
667 1886 847 1924 dialecto
878 1885 1087 1926 communi
1109 1887 1309 1937 prolatae.
1348 1898 1434 1924 non
1453 1893 1591 1924 tamen

168 1943 325 1982 abiicio
358 1945 568 1994 vulgatam
589 1942 836 1991 lectionem,
868 1955 990 1995 quam
1012 1940 1227 1979 Eustatlzii
1249 1941 1496 1980 auctoritate
1518 1938 1594 1980 de-

168 1997 339 2039 fendere
366 1996 512 2049 possis.
558 2007 599 2037 et
626 1998 669 2035 in
700 1997 928 2049 Hesychia.
971 1998 1129 2047 Μελία,
1180 1996 1342 2050 δένδρου
1375 1996 1478 2044 εἶδος
1513 1994 1595 2038 cino

169 2057 327 2102 Μελίας
346 2050 565 2096 Ὠκεανοῦ·
596 2052 623 2103 ἢ
650 2052 757 2094 ὁδοί·
790 2053 1019 2092 restituunt
1035 2050 1138 2106 ᾠδή·
1166 2051 1346 2091 forsitan
1368 2065 1454 2090 non
1471 2055 1591 2092 male.

166 2113 293 2166 ψίηα
331 2123 429 2148 vero
462 2119 503 2147 et
530 2112 643 2151 σίττα
673 2122 758 2146 non
789 2106 1000 2150 differunt.
1043 2117 1145 2147 uota
1174 2116 1238 2146 est
1265 2106 1358 2146 ἰ118
1370 2106 1592 2161 utriusque

165 2168 315 2207 literae
352 2165 623 2204 commutatio
654 2161 834 2217 ψαγὸας,
878 2173 921 2204 et
951 2161 1118 2230 σαγδας,
1156 2164 1372 2216 ψῖττακος,
1410 2164 1593 2212 σίττακος

167 2222 331 2276 aliaque
352 2221 542 2272 plurima.
574 2221 749 2271 Hesych.
786 2221 930 2268 Σίττα,
959 2218 1194 2271 ἐπιφώνημα
1214 2221 1334 2269 αἰξίν
1390 2216 1591 2272 Idemque

167 2278 219 2317 de
240 2280 369 2317 altero
390 2276 515 2316 etiam
538 2275 876 2330 epiphonemate:
914 2277 1071 2322 Ψίηον,
1099 2291 1276 2329 ταχεως,
1308 2270 1483 2324 ου’θέως,
1514 2286 1590 2333 pro

167 2347 251 2388 quo
275 2332 477 2387 cogitavi,
509 2347 606 2371 num
629 2331 805 2370 forsitan
830 2329 957 2369 scribi
975 2340 1158 2384 praestet
1162 2332 1324 2424 apina·
1352 2338 1457 2383 puto
1477 2342 1590 2380 sane,
1631 2346 1634 2347 ⁷

166 2388 424 2441 suadentque
465 2388 511 2427 id
548 2397 658 2428 certe
686 2386 899 2425 literarum
929 2389 1118 2438 sequela3
1159 2385 1175 2424 i
1235 2398 1371 2434 emm,
1411 2383 1524 2438 quod
1547 2393 1592 2423 et

168 2445 219 2484 ad
258 2458 341 2483 rem
365 2455 549 2484 nostram
581 2453 666 2494 est,
696 2441 921 2481 subiicitur
949 2451 1173 2493 protenus·
1214 2436 1438 2490 Ψιττάζων,
1469 2442 1591 2493 ‹pin-u

168 2497 520 2555 ἐπιφθεγγόμενος,
549 2501 644 2553 ὅπέρ
665 2501 748 2541 ἐστι
765 2495 995 2551 ποιμενικόν
1016 2498 1258 2550 ἐπίφθεγμα.

276 2587 342 2629 καὶ
370 2590 407 2627 οἱ
433 2585 635 2641 mitraeus]
675 2583 722 2626 C.
754 2582 802 2623 A.
837 2596 925 2623 uon
954 2581 1080 2622 habet
1107 2580 1175 2624 καὶ
1203 2585 1254 2624 οἱ.
1285 2579 1330 2622 C.
1362 2581 1411 2626 V.
1443 2578 1588 2636 φιττά-
