1690 2996
116 118 224 160 1832
743 114 798 154 X.
851 120 917 160 22.

226 222 409 278 βάλανοι.
440 223 703 279 βαλανάγραι]
741 225 836 266 MS.
868 227 935 268 καὶ
959 225 1151 282 βάλανοι,
1189 230 1257 271 καὶ
1287 228 1541 284 βαλανάγραι,

115 280 182 321 καὶ
197 286 377 333 κλεῖθρα,
406 282 472 320 καὶ
489 279 655 332 κλῆθρα,
687 281 753 322 καὶ
770 281 1044 336 ἕπίσπαστρον,
1072 286 1136 326 καὶ
1161 283 1356 338 ῥόπτρου·
1387 285 1543 339 ubique

114 335 319 388 particula
352 337 418 376 καὶ
446 335 677 374 interiecta.
736 336 894 390 Supple
925 339 1066 392 itaque
1099 340 1276 394 κλῆθρα,
1309 355 1392 393 quo
1417 350 1541 393 pacto

115 401 157 428 et
178 404 300 442 supra
323 391 415 435 VII,
443 402 528 440 107.
551 392 660 430 forte
682 392 724 429 in
743 393 837 432 MS.
860 392 1032 432 debebat
1045 409 1146 445 esse,
1179 397 1249 434 ubi
1273 411 1348 447 pro
1364 401 1540 450 κλεῖθρα,

114 451 276 497 πλῆθρα
302 445 497 496 habebat,
541 447 726 500 quamvis
746 457 786 486 et
805 448 885 487 hoc
904 463 999 487 suos
1017 450 1216 490 Auctores
1237 451 1401 492 habeat.
1433 452 1543 490 ucri-

113 501 291 540 bendum
321 515 418 539 vero
441 501 583 554 potius
601 501 794 555 κλήθρον,
825 505 943 556 quasi
962 509 1154 558 κληΐθρον
1175 507 1318 546 louice
1341 520 1416 559 pro
1436 511 1543 549 κλεῖ-

112 564 239 609 θρον·
282 556 366 597 vid.
394 558 704 608 Etymologicon
733 558 775 596 in
804 565 978 612 κλεῖθρα.
1015 558 1235 613 Ῥόπτρον,
1264 563 1541 616 ἕπίσπαστρον,

112 612 277 665 κόρακα,
300 609 480 664 κορώνην
498 613 793 665 interpretatur
812 616 958 653 Iunius
980 615 1196 656 Nomencl.
1212 618 1430 666 cornicem,
1443 633 1542 657 can-

115 670 281 708 tharam
299 683 321 708 e
342 668 511 714 Plauto,
538 683 705 706 manum
722 679 899 707 exteram
919 685 941 708 e
961 672 1170 714 Lucretio.
1204 672 1275 713 sed
1290 673 1330 711 id
1345 688 1367 712 e
1387 675 1541 712 Lucre-

115 728 186 771 tio,
219 723 328 775 apud
349 738 466 777 quem
487 725 610 762 etiam
638 739 782 762 manus
799 726 986 775 dextras,
1017 741 1100 765 non
1119 737 1255 767 extr-as
1277 728 1388 774 edit.
1418 742 1539 781 pror-

113 794 182 819 sus
207 780 352 816 mirum
373 778 538 817 videtur
563 780 754 830 Gesam'o,
775 779 901 831 idque
921 784 1043 835 longe
1060 783 1182 821 aliter
1198 784 1382 836 explicat
1393 783 1437 821 in
1451 784 1539 822 suis

112 835 408 883 collectaneis,
438 836 594 873 luanus
614 835 792 884 dextrae,
825 845 866 873 et
885 838 1052 875 alteram
1071 838 1378 890 expositionem
1398 838 1539 878 absur-

113 892 203 931 dam
225 904 311 929 esse
331 889 530 928 ostendit.
585 897 691 930 que.
875 891 879 894 ’

224 949 291 986 καί
312 962 391 985 που
413 946 480 984 καὶ
501 946 749 998 στρόφιγγες,
778 947 843 988 καὶ
863 951 1049 999 κορῶναι,
1071 948 1181 1000 etc.]
1220 947 1350 988 Abest
1370 962 1392 987 ο
1417 949 1463 989 C.
1483 948 1536 989 A.

112 1002 186 1056 qui
216 1010 310 1050 post
345 999 469 1039 habet
497 999 748 1055 στρόφιγγες,
790 1009 985 1055 κορῶναι,
1016 999 1205 1055 κόρακες,
1244 1001 1351 1056 παριὶ
1373 1004 1415 1046 δὲ
1438 1021 1472 1046 τ.
1497 1021 1536 1046 ν.

111 1059 179 1099 καὶ
200 1055 347 1097 ἆντικλ.
375 1070 426 1094 ex
458 1057 736 1104 correctione5
768 1056 874 1111 παρα
900 1059 942 1100 δὲ
962 1056 1026 1099 Ἀ.
1049 1063 1291 1109 κατακλεῖδες
1308 1070 1388 1100 etc.
1420 1058 1464 1100 G.
1484 1059 1535 1100 V.

112 1114 189 1152 ita:
223 1109 464 1164 στρόφιγγες,
489 1112 554 1152 καὶ
571 1114 788 1166 γίγγλυμοι’,
818 1115 885 1156 καὶ
902 1112 1088 1167 κορῶναι,
1117 1116 1183 1156 καὶ
1205 1113 1383 1168 κόρακες.
1410 1117 1536 1158 Hoci-

112 1173 256 1216 ὁιππος
276 1169 316 1209 ἕν
336 1168 490 1222 Γαλάτῃ
512 1170 648 1218 φησὶν,
680 1167 820 1221 κόρακι
841 1170 1022 1223 κρούεται
1042 1168 1161 1223 θύρα.
1218 1177 1363 1210 Kumm.

221 1227 289 1266 καί
305 1240 383 1264 που
403 1224 465 1262 καὶ
484 1223 726 1279 στρόφιγγες,
756 1227 823 1266 καὶ
848 1230 1034 1277 κορῶναι,
1055 1226 1160 1278 etc.]
1189 1225 1283 1268 MS.
1297 1236 1439 1268 noster
1456 1226 1534 1266 ite-

111 1296 199 1320 rum
234 1280 397 1318 auctior
428 1278 637 1330 pluribus,
679 1280 790 1320 unde
817 1281 1029 1333 supplebis
1062 1284 1242 1334 vulgata.
1298 1281 1367 1320 Sic
1394 1291 1532 1321 autem

110 1336 261 1375 habet:
291 1336 354 1375 καὶ
382 1336 605 1387 γίγγλυμοι,
635 1337 698 1376 καὶ
728 1341 922 1386 κορῶναι,
952 1338 1018 1378 καὶ
1045 1334 1224 1390 κόρακες.
1282 1339 1534 1386 Ποσίδιππος

110 1395 152 1435 ἐν
180 1388 329 1442 Γαλάτῃ
355 1392 496 1441 φησίν·
536 1389 674 1442 κόρακι
702 1392 883 1443 κρούεται
913 1394 1042 1446 θύρα’
1078 1391 1183 1444 παρὰ
1216 1392 1257 1434 δὲ
1271 1397 1353 1440 τοῖς
1368 1409 1405 1434 ν.
1463 1393 1532 1431 Ita

109 1461 278 1501 prorsus
297 1446 391 1485 MS.
416 1444 497 1482 nisi
519 1446 628 1499 quod
650 1452 850 1500 γιγγλῦμοι
866 1447 1047 1487 haberet.
1104 1447 1186 1488 Sed
1203 1450 1410 1503 γίγγλυμοι
1427 1447 1532 1486 seri-

109 1501 314 1550 bendum,
353 1515 404 1539 eo
435 1510 543 1539 certe
573 1516 657 1540 non
687 1502 837 1542 invito.
888 1513 929 1542 et
955 1517 1079 1556 supra
1104 1503 1201 1551 VII,
1225 1503 1390 1555 107.ita
1411 1503 1528 1542 iussi.

109 1559 362 1610 Posidippus
384 1557 426 1597 ἐν
443 1553 594 1609 Γαλάτῃ
616 1571 700 1595 non
724 1572 835 1596 nunc
856 1559 1032 1610 primum
1054 1573 1150 1597 vero
1174 1573 1196 1596 a
1220 1559 1370 1597 Nostro
1388 1558 1530 1598 nomi·

108 1625 247 1661 natur,
277 1611 346 1651 sed
367 1622 406 1650 et
426 1625 546 1663 supra
568 1612 646 1650 iam
666 1613 841 1662 IV,175.
860 1613 956 1654 fuit,
1014 1614 1155 1653 Facile
1173 1623 1309 1652 autem
1323 1613 1421 1652 inde
1434 1627 1530 1666 pos-

108 1683 250 1709 sumus
273 1667 479 1706 coniicere
502 1678 695 1720 quantam
718 1669 914 1707 iacturam
936 1669 1158 1708 fecerimus
1180 1669 1223 1707 in
1244 1667 1324 1708 hoc
1344 1667 1455 1709 lib'ro
1475 1669 1528 1712 X.

108 1726 153 1764 in
186 1739 269 1778 quo
291 1737 413 1775 supra
438 1723 646 1774 praefatus
682 1725 742 1762 ait
776 1738 818 1763 se
844 1727 1003 1773 πλείους
1031 1726 1293 1778 ἐπαγαγέσθαι
1315 1723 1529 1778 μάρτυρας.

108 1795 227 1836 quam
248 1781 400 1817 multae
421 1792 523 1816 vero
541 1777 697 1831 χρήσεις
717 1783 843 1832 vulgo
866 1779 1001 1818 desint
1018 1780 1102 1821 MS.
1118 1781 1196 1817 iam
1218 1779 1359 1819 testari
1372 1781 1525 1832 coepit,

108 1847 149 1876 et
172 1848 293 1887 porro
317 1832 549 1873 testabitur.
582 1848 665 1872 non
688 1849 839 1886 paucas
863 1845 997 1874 tamen
1020 1845 1062 1873 et
1081 1835 1124 1872 in
1146 1835 1238 1875 MS.
1255 1834 1407 1884 deesse,
1431 1848 1526 1873 sae-

106 1892 200 1946 pius
220 1904 304 1928 non
326 1889 446 1933 falso,
478 1889 615 1940 credo,
646 1890 971 1929 animadvertere
988 1903 1206 1942 possumus
1220 1903 1396 1943 quoque.
1424 1895 1525 1930 Imm.

218 1948 286 1987 καί
306 1961 385 1985 που
404 1945 468 1983 καὶ
487 1944 726 1998 στρόφιγγες,
747 1945 852 1999 etc.]
885 1945 1086 1984 Additum
1106 1960 1129 1985 e
1153 1945 1276 1985 MSS.
1295 1946 1360 1986 καὶ
1374 1943 1525 2000 γιγγλῦ·

106 2020 186 2058 μοι.
234 2001 438 2051 Excerpta
469 2000 873 2052 Fahkenburgiana:
913 2002 978 2042 καὶ
1007 2002 1215 2056 γιγγιλίνη,
1245 1999 1355 2054 quod
1381 2009 1523 2053 aperte

106 2068 370 2109 corruptum,
412 2068 544 2106 eoque
577 2054 702 2093 modo
735 2055 1062 2106 reformandum,
1101 2069 1183 2109 quo
1210 2065 1353 2093 textus
1379 2055 1521 2095 habet.

104 2128 239 2168 neque
260 2110 507 2150 aliterullibi
527 2120 740 2148 auctorum
759 2111 1020 2150 scribendum
1035 2121 1109 2152 est.
1139 2110 1303 2162 saepius
1317 2111 1359 2148 in
1375 2110 1522 2151 mendo

106 2170 332 2209 cubantem.
350 2164 533 2204 offendas
561 2164 667 2203 hanc
693 2180 853 2206 vocem.
895 2167 937 2204 in
964 2167 1132 2218 Iosepho
1164 2166 1340 2220 Antiqu.
1358 2166 1520 2206 Iudaic.

104 2225 177 2266 lib.
202 2224 281 2263 111.
305 2235 392 2273 cap.
412 2220 448 2261 5.
471 2217 673 2275 γιγλύσμοι
688 2235 881 2259 excusum
904 2231 978 2270 est,
1009 2235 1144 2275 neque
1162 2223 1335 2259 multum
1354 2220 1520 2261 diverso

104 2279 228 2320 modo
268 2278 447 2315 Galeam
473 2278 517 2314 in
554 2277 734 2314 Gloesis:
773 2275 1074 2331 Γιγγιγλύματα,
1110 2275 1437 2331 ἆντεμβαίνουσιν
1466 2279 1523 2326 εἰς

106 2333 321 2386 ἆλλήλους,
350 2330 478 2383 ὥσπερ
498 2333 563 2373 καὶ
580 2333 620 2373 ἔν
647 2336 730 2379 ταῖς
755 2329 898 2385 θύραις
925 2335 965 2374 οἱ
982 2334 1222 2386 γιγγλυσμοί.
1270 2331 1341 2371 ced
1367 2332 1522 2371 rescri-

103 2391 306 2430 bendum:
348 2385 590 2441 Γιγγλύματα
617 2396 657 2425 et
676 2386 897 2440 γιγγλύμοι·
937 2386 1049 2440 quod
1073 2385 1187 2439 prius
1208 2396 1248 2426 et
1266 2388 1309 2425 in
1328 2387 1521 2426 meliori-

103 2446 180 2485 bus
204 2447 478 2496 Hippocratis
500 2442 757 2482 editionibus
775 2456 975 2481 excusum
996 2443 1052 2480 ita
1073 2442 1342 2494 conspicitur.
1380 2443 1447 2481 adi
1466 2443 1521 2482 ad

101 2503 363 2541 Erotianum.
394 2499 507 2537 Hinc
532 2499 576 2536 in
593 2497 1110 2553 Λνίειοιεὶεγιγγλυμώὸης·
1141 2497 1199 2536 ita
1220 2511 1395 2549 repones
1409 2497 1521 2538 enim

101 2557 266 2597 Hister.
294 2554 476 2594 Animal.
503 2553 599 2594 libr.
630 2553 702 2594 IV.
728 2566 817 2606 cap.
844 2554 882 2596 4.
924 2563 966 2593 et
991 2554 1246 2609 γιγγλυμωτὶς
1269 2554 1314 2592 in
1341 2553 1522 2593 Philone
