1630 2976
366 530 833 578 CLARISSIMO
878 486 1087 586 VIRO,

59 634 492 684 TIBERIO
557 633 1421 685 HEMSTERHUSIO

615 750 652 782 s.
701 750 743 782 Ρ.
791 752 840 784 D.

303 829 706 881 RICHARD'US
743 832 1152 887 BENTLEIUS.

50 941 144 1011 [am
165 970 413 1024 septimana,
442 971 582 1025 oredo,
611 970 794 1023 effluxit,
821 988 875 1016 ex
895 986 982 1028 quo
1002 972 1146 1013 literas
1169 980 1260 1014 tua·
1280 982 1399 1028 opta-
1410 984 1455 1019 88

49 1027 230 1070 tissima·
246 1041 321 1081 per
339 1027 643 1069 adolescentem
662 1030 833 1068 Danum
849 1029 1015 1083 accepi,
1046 1029 1090 1068 in
1111 1028 1267 1083 quibus
1286 1029 1397 1070 serio

52 1082 205 1125 videris
221 1082 421 1130 laborare.
441 1095 487 1123 ut
503 1098 525 1124 a
544 1084 828 1139 negligentiae
850 1095 892 1126 te
905 1084 1079 1125 crimine
1092 1099 1259 1140 purges,
1281 1085 1397 1138 quod
1466 1082 1470 1086 ’

49 1137 246 1192 epistolio
265 1153 287 1178 a
311 1153 376 1178 me
402 1139 501 1178 olim
522 1149 697 1193 eccepto
717 1149 800 1179 tam
822 1155 915 1181 sero
936 1139 1098 1180 demum
1119 1141 1395 1193 rescripseris.

48 1195 139 1234 Nae
160 1203 207 1233 tu
228 1208 371 1247 parum
394 1194 531 1233 adhue
546 1208 611 1235 me
633 1196 763 1243 nosti,
789 1196 826 1236 si
845 1195 974 1236 antid
991 1211 1056 1236 me
1073 1195 1207 1236 credis
1223 1210 1395 1236 succen-

49 1249 201 1299 suisse,
231 1259 306 1288 aut
333 1248 438 1289 adeo
469 1250 594 1290 irasci
612 1251 805 1298 Facilem,
840 1261 888 1292 ut
907 1261 990 1292 tam
1015 1264 1192 1303 operosa
1212 1266 1394 1291 excusa-

48 1305 166 1345 tione
195 1303 274 1344 tibi
305 1319 416 1358 opus.
438 1305 583 1350 fuerit.
642 1306 744 1346 Non
768 1307 879 1346 euim
909 1316 990 1348 tam
1023 1306 1180 1361 grande
1211 1307 1392 1359 pretium

47 1358 423 1400 emendatiunculis
448 1359 550 1400 meis
579 1370 761 1402 statuere
786 1365 927 1410 soleo,
966 1371 1014 1401 ut
1037 1362 1290 1416 singularem
1311 1363 1391 1400 ali-

44 1429 164 1470 quam
191 1415 364 1470 gratiam
397 1414 496 1456 inde
521 1430 701 1470 sperem,
731 1427 805 1457 aut
822 1418 1001 1473 exigam,
1059 1417 1199 1456 Facile
1217 1417 1327 1456 enim
1349 1428 1393 1458 et

43 1470 161 1526 quasi
181 1480 333 1524 sponte
353 1470 458 1510 mihi
478 1474 615 1512 solent
639 1472 860 1525 subnasci3
892 1483 935 1513 et
956 1474 1148 1528 iniquum
1173 1476 1295 1525 plane
1312 1484 1391 1521 est,

43 1525 154 1581 quod
178 1526 352 1565 minimo
375 1525 480 1565 mibi
509 1526 654 1568 labore
683 1537 874 1575 constet,
901 1529 947 1568 id
975 1531 1187 1582 postulare
1217 1543 1391 1582 magnae

44 1581 200 1636 gratiae
210 1580 316 1620 mihi
329 1581 501 1634 apponi.
516 1583 585 1621 Tu
596 1591 732 1623 tamen
746 1583 858 1622 haud
869 1593 1094 1624 contentus
1106 1583 1389 1636 exquisitissi-

46 1637 123 1676 mis
152 1636 291 1677 verbis
324 1646 460 1691 grates
485 1636 592 1676 mihi
631 1642 889 1691 persolvere,
921 1640 1052 1679 etiam
1075 1638 1388 1693 elegantissimo

47 1689 252 1732 Lucianei
272 1692 404 1732 libelli
423 1707 593 1732 munere
616 1693 816 1734 demereri
838 1708 904 1734 me
924 1694 1115 1735 voluisti.
1174 1693 1310 1746 Quin,
1340 1704 1389 1733 ut

46 1748 174 1802 magis
193 1747 406 1802 magisque
427 1748 472 1786 in
493 1757 568 1787 tuo
583 1763 675 1789 aere
685 1750 777 1800 sim,
807 1750 1014 1790 variantes
1032 1749 1170 1789 Flacci
1183 1749 1386 1789 lectiones

44 1819 95 1844 ex
114 1802 261 1843 codice
288 1804 446 1856 scripto
474 1803 712 1857 polliceris,
759 1815 951 1845 accurata
977 1815 1049 1844 tua
1081 1819 1206 1857 opera
1228 1804 1387 1845 deseri..

43 1857 208 1898 bendas.
266 1858 494 1898 Enimvero
516 1858 570 1898 ob
599 1869 681 1899 tam
702 1863 907 1913 prolixam
931 1871 1044 1900 tuam
1064 1860 1381 1906 humanitatem,
1395 1871 1440 1905 89

44 1929 126 1954 non
149 1913 235 1952 dici
259 1924 419 1966 potest,
453 1928 574 1967 quam
607 1915 850 1955 devinctum
874 1916 953 1955 tibi
981 1931 1045 1955 me
1068 1930 1116 1955 ac
1135 1916 1384 1955 obstrictum

44 1969 206 2009 habeas.
260 1968 381 2010 Scias
402 1979 553 2019 autem,
577 1971 706 2011 amice
735 1970 1098 2024 praestantissime,
1117 1987 1181 2011 me
1199 1971 1384 2010 eiusdem

44 2024 337 2064 Franckeriani
354 2025 452 2063 libri
472 2025 676 2066 lectiones
698 2042 720 2066 e
738 2027 992 2067 bibliotheca
1011 2027 1383 2066 Francianaemtas

42 2097 64 2120 a
82 2081 277 2120 Praesule
295 2080 458 2119 Eliensi
476 2080 631 2120 (ludum
647 2082 865 2132 habuisse;
894 2097 993 2137 quas
1003 2093 1137 2122 tamen
1157 2082 1383 2136 indiligen-

44 2147 104 2176 ter
130 2145 172 2175 et
201 2136 488 2188 perfunctorie
513 2135 740 2191 descriptas
762 2153 850 2178 esse
870 2139 973 2177 satis
999 2138 1101 2176 mihi
1124 2148 1380 2190 compertum

42 2201 118 2233 est.
174 2193 258 2238 Tu,
288 2201 351 2230 sat
369 2191 483 2242 scio,
512 2194 637 2246 louge
657 2196 795 2246 plures
817 2204 860 2233 et
884 2193 1090 2234 fideliores
1110 2193 1207 2231 inde
1227 2192 1381 2245 depro-

45 2262 196 2298 meres3
229 2260 363 2299 neque
381 2256 532 2296 tamen,
561 2262 654 2287 cum
671 2251 862 2289 meliores
875 2250 1037 2304 aliquot
1058 2248 1236 2289 Codices
1248 2249 1381 2286 aliun-

43 2304 94 2341 de
113 2303 190 2342 sim
211 2311 371 2351 nactus,
403 2317 554 2355 operae
572 2305 751 2356 pretium
772 2306 898 2344 fuerit
920 2315 961 2343 te
979 2307 1060 2343 isto
1082 2304 1223 2343 labore
1243 2314 1382 2343 ettae-

43 2357 114 2396 dio
135 2358 327 2398 cruciari.
384 2357 433 2398 Si
454 2358 589 2410 ipsius
611 2359 782 2400 Codicis
811 2359 944 2413 (quod
968 2360 1273 2399 Anchersenius
1297 2375 1380 2398 non

42 2412 254 2465 desperare
274 2413 414 2462 iussit)
432 2415 498 2452 vel
519 2413 691 2453 biduum
714 2416 1002 2455 tantummodo
1025 2415 1126 2453 mihi
1149 2415 1268 2467 copia
1293 2415 1383 2454 lieri

48 2477 208 2519 posset,
254 2468 498 2507 crediderim
535 2470 728 2522 equidem
773 2471 970 2510 nonnihil
1007 2473 1168 2509 fructus
1207 2471 1258 2509 ad
1296 2471 1382 2510 edi-

48 2523 201 2562 tionem
224 2532 403 2563 nosttam
427 2523 526 2562 inde
554 2536 862 2578 perventurum.
922 2528 1015 2582 Ego
1036 2527 1146 2567 euim
1171 2529 1300 2566 velex
1322 2527 1384 2580 ip·
