1656 2976
207 118 313 162 1724
812 115 865 158 X.
922 121 1014 162 187.

209 284 236 325 S
316 225 577 284 κανδὺταλις]
625 227 758 284 Supra
790 227 895 281 VII,
931 243 1001 287 79.
1037 230 1108 275 καὶ
1132 231 1259 287 §tonos
1289 234 1358 276 καὶ
1388 230 1633 282 nonduin-avec.

238 297 422 325 BDERUS·

316 337 574 390 κανδὺταλις]
607 339 717 379 Dixi
738 353 861 393 supra
879 340 977 392 VII,
1003 355 1066 398 79.
1097 339 1333 392 κανδυτᾶνες
1359 343 1403 382 in
1420 345 1634 383 Manuscr.

208 396 365 446 fuisse,
396 395 471 434 ubi
501 399 629 449 vulgo
656 394 911 448 κανδύτανες,
940 397 1011 436 sed
1039 398 1149 439 forte
1175 407 1399 453 utrumque
1422 413 1541 438 suum
1564 413 1636 437 au-

208 462 365 492 ctorem
394 450 610 500 habuisse,
641 461 723 490 tam
754 465 828 505 per
855 459 877 494 λ
902 466 1021 506 quam
1042 462 1115 507 per
1137 471 1183 505 u,
1214 468 1340 508 quum
1360 455 1405 492 in
1427 455 1631 507 Hesychia

207 510 371 562 legatur
389 504 649 556 κανδυτάναι,
678 506 707 558 ἦ
723 506 925 555 nauatam,
953 523 1029 560 pro
1053 523 1137 562 quo
1157 513 1287 549 altero
1308 510 1419 550 forte
1437 508 1637 552 κανδυτά-

208 569 277 606 λαι
305 561 568 602 scribendum
603 563 670 602 eit.
719 562 791 603 sed
821 564 866 602 in
894 563 1099 604 eiusmodi
1127 563 1341 605 vocabulis
1371 565 1636 619 fugientibus

210 619 291 660 iam
310 632 443 672 paene
461 617 563 672 quid
583 632 747 668 verum,
779 632 899 659 nemo
921 618 980 657 ita
1003 619 1129 659 facile
1147 619 1274 659 dicat.
1333 621 1467 660 Iuno.

321 676 390 717 ἐπὶ
409 674 690 728 δικαζομένῃ]
729 673 898 727 Interpr.
928 675 1132 726 Diphiluae
1163 674 1214 715 de
1231 674 1520 723 condemnato.
1549 691 1636 717 me-

210 730 293 770 lius
318 729 414 770 MS.
445 730 651 781 Antwerp.
681 728 1012 784 ἔπιδικαζομένῳ,
1052 732 1098 768 in
1126 731 1357 783 Litigante.
1395 732 1639 783 Apollodori

208 784 354 827 laudat
391 783 739 837 *EmdcxocCo'mvov
779 787 978 824 Donatus
1021 785 1069 824 iu
1115 787 1293 824 Terentii
1333 786 1636 840 Phormionem,

209 851 432 894 censetque
473 839 644 880 eandem
681 839 865 880 fabulam
904 849 1066 879 mutato
1093 840 1263 881 nomine
1292 855 1316 880 a
1352 839 1535 881 Terentio
1567 843 1639 881 in·-

210 896 407 950 scriptam
427 896 721 936 Phormionem.
778 896 876 950 Ipse
897 905 1034 935 autem
1055 895 1244 935 comicae
1261 895 1306 935 in
1337 899 1516 953 prologo
1533 898 1638 938 eim-

211 951 384 1007 pliciter
407 952 489 991 ait:
1224 987 1225 990 ,
1490 960 1496 964 “
1539 965 1543 967 “

373 1007 743 1059 Epidicazomenon
773 1022 898 1061 quam
928 1017 1082 1048 vocant
1110 1007 1361 1047 comoediam

375 1063 543 1113 Graeci,
575 1065 727 1103 Latini
755 1064 1035 1104 Phormionem
1063 1066 1294 1105 nominant.

212 1119 333 1176 Quae
350 1118 474 1159 verba
492 1120 537 1158 iu
555 1118 692 1159 medio
710 1120 955 1173 relinquunt
972 1130 1111 1158 utrum
1129 1120 1180 1159 ab
1190 1119 1441 1172 Apollodoro
1460 1132 1512 1158 an
1534 1133 1636 1160 vero

212 1191 237 1217 a
264 1175 440 1229 Diphilo
478 1184 627 1214 mutuo
661 1175 718 1214 sit
756 1185 919 1228 sumpta
957 1172 1185 1217 comoedia.
1261 1175 1477 1227 Caeterum
1512 1178 1636 1228 plane

213 1232 357 1284 inepta
378 1240 440 1271 est
455 1240 556 1270 nota
575 1231 620 1269 in
641 1231 767 1272 istum
789 1234 950 1270 locum:
978 1231 1069 1280 Ιιίο,
1096 1230 1250 1283 inquit,
1280 1231 1503 1282 manifecte
1523 1239 1637 1269 errae

219 1289 443 1327 Terentius·
501 1287 615 1325 Nam
641 1287 743 1324 haec
768 1286 940 1336 fabula,
983 1300 1108 1338 quam
1133 1288 1373 1336 transtulit,
1402 1286 1637 1338 epidicazof.

214 1356 326 1381 mene
355 1341 470 1379 dicta
498 1349 557 1380 est
583 1355 610 1379 a
624 1343 794 1392 puella,
826 1341 873 1378 de
897 1355 982 1392 qua
1011 1341 1216 1379 iudicium
1244 1350 1324 1391 est,
1355 1356 1446 1381 cum
1474 1342 1532 1379 sit
1547 1343 1638 1380 alia

212 1397 554 1452 epidicazomenoe
579 1398 753 1436 eiusdem
780 1396 1026 1448 Apollodori.
1065 1396 1202 1435 debuit
1232 1410 1327 1450 ergo
1361 1397 1517 1436 dicere:
1546 1400 1638 1449 epi-

213 1454 509 1492 dicazomenem
531 1452 705 1503 Graeci,
735 1454 888 1491 Latini
905 1451 1188 1491 Phormionem
1204 1454 1429 1491 nominant.
1484 1452 1637 1492 Verum

215 1510 428 1550 enimvero
453 1521 599 1547 censor
624 1507 695 1548 ille
727 1507 917 1561 quisquis
949 1516 1012 1546 est
1040 1508 1262 1558 (Donatus
1288 1517 1397 1548 certe
1431 1521 1518 1547 uon
1541 1509 1636 1558 est)

216 1565 298 1606 alia
325 1577 498 1602 censura
534 1577 642 1616 opus
674 1563 815 1602 habet.
874 1562 981 1602 Nam
1003 1563 1147 1615 puella
1176 1561 1356 1612 dotaliae,
1396 1561 1447 1602 de
1477 1576 1559 1617 qua
1583 1563 1637 1602 lis

216 1628 330 1669 erat,
360 1617 430 1657 cui
453 1632 504 1658 ex
531 1619 720 1672 cognatis
749 1617 904 1658 nubere
935 1616 1141 1656 debebant
1166 1617 1257 1657 iure
1285 1619 1429 1658 Attico
1459 1618 1638 1672 propin·

217 1674 408 1731 quiores,
437 1687 651 1728 nunquam
672 1674 841 1715 Graecis
870 1672 1086 1713 dicebatur
1109 1671 1426 1727 ἕπιδικαζομιίνη,
1458 1673 1528 1714 aed
1546 1676 1638 1716 ἐπί-

216 1735 347 1782 δικος,
378 1728 566 1783 adeoque
597 1744 674 1769 nec
701 1727 916 1769 comoedia
944 1731 1030 1767 ulla
1057 1727 1107 1767 ab
1131 1741 1178 1767 ea
1207 1728 1318 1768 dicta
1338 1740 1400 1770 est
1415 1732 1639 1779 ἱπιδικαζο-

216 1788 333 1842 με’νη.
389 1786 485 1824 Hoc
508 1798 607 1824 vero
640 1795 796 1824 certum
827 1794 912 1836 est,
943 1783 1055 1837 quod
1084 1784 1157 1823 ille
1185 1784 1259 1837 qui
1285 1785 1455 1838 nuptiae
1475 1788 1638 1837 puellae

217 1845 396 1887 ἐπιδίκου
421 1839 503 1879 οἱδὶ
521 1839 787 1892 vindicabat,
817 1850 864 1879 ut
883 1854 1032 1895 genere
1056 1838 1293 1894 proximus,
1321 1853 1482 1893 semper
1500 1841 1636 1880 activa

217 1897 395 1938 notione
416 1904 586 1935 vocatus
608 1896 687 1949 sit,
714 1894 1053 1948 ἐπιδοκαζόμενος,
1082 1894 1228 1934 vindex
1245 1891 1365 1933 orbae
1378 1896 1561 1946 puellae,
1590 1897 1638 1935 de

218 1968 304 2008 qua
328 1954 382 1991 lic
401 1959 481 2002 eet,
512 1959 553 1990 et
582 1950 631 1990 ab
653 1965 701 1990 eo
725 1951 851 1990 huius
874 1951 1105 2005 argumenti
1123 1950 1288 1990 fabulae
1310 1949 1638 1990 denominaban-

218 2019 301 2050 tur.
369 2008 620 2046 Franci-ecus
653 2007 830 2057 Gnyetua
858 2010 963 2046 male
992 2005 1181 2044 defendit
1216 2006 1438 2044 Terentium
1477 2005 1634 2058 dicens,

218 2063 472 2115 Antiphonis
489 2071 672 2113 respectu
697 2060 745 2105 w*
761 2061 1079 2115 ἑπιδικᾳζόμενον
1102 2063 1304 2113 positum,
1334 2070 1381 2099 ut
1398 2063 1471 2114 qui
1494 2065 1538 2100 in
1553 2062 1637 2113 fa-

219 2122 319 2161 bula
337 2119 416 2157 Izac
432 2119 627 2166 ἐπίδικος.
657 2132 728 2156 eeu
753 2115 1066 2169 ἐπιδικαζόμενος
1090 2115 1381 2162 introducitur.
1412 2115 1456 2154 id
1479 2126 1559 2167 est,
1590 2118 1639 2157 de

221 2190 300 2230 quo
321 2177 366 2213 in
385 2174 538 2212 iudicio
561 2173 822 2212 contenditur
839 2176 946 2211 inter
963 2172 1270 2224 Demiphontem
1283 2179 1444 2223 patrem
1461 2180 1500 2210 et
1520 2172 1638 2224 puel·
1654 2219 1656 2224 η

219 2230 310 2270 lam
331 2230 547 2269 Chremetis
554 2229 710 2278 filiam.
768 2228 920 2269 Verum
952 2230 1128 2276 ἐπίδικος
1156 2235 1198 2267 et
1217 2222 1526 2279 ἒπιδικαζὸμενος
1549 2242 1656 2275 non.

220 2296 319 2326 suut
357 2285 485 2323 unius
523 2283 791 2337 eiusdemque
818 2282 1152 2338 significationis.
1197 2296 1289 2321 nam
1326 2284 1498 2330 ἒπίδικος
1533 2297 1638 2322 nue-

222 2355 345 2396 quam
366 2339 416 2380 de
442 2339 534 2378 viro
563 2349 803 2391 usurpatum
833 2347 967 2390 extat,
996 2340 1134 2390 puella
1158 2346 1318 2377 tantum
1333 2340 1507 2386 ἐπίδικος
1524 2341 1636 2377 salu-

220 2406 356 2448 tatur,
392 2408 529 2448 ueque
557 2395 691 2433 omnis
719 2394 840 2444 orba,
871 2394 942 2434 sed
979 2392 1142 2442 haeres,
1165 2394 1234 2433 vel
1261 2406 1311 2432 ex
1339 2406 1445 2443 asse,
1482 2395 1550 2434 vel
1582 2407 1642 2433 ex.

219 2461 336 2503 parte
365 2459 630 2503 paternorum
662 2449 892 2498 bonorum,
934 2463 1039 2503 quae
1067 2461 1154 2487 non
1182 2446 1308 2488 habet
1327 2449 1507 2488 fratrem.
1563 2449 1656 2488 De:

219 2505 299 2546 hac
327 2507 486 2545 Helena
523 2504 731 2544 saltabant
774 2504 1121 2559 propinquiores,
1159 2511 1203 2542 at
1239 2503 1276 2542 si
1306 2505 1553 2557 paupercula
1591 2512 1635 2542 et

221 2560 409 2602 indotata
429 2562 586 2612 fuerat,
612 2559 829 2616 proximus
849 2562 915 2602 vel
932 2559 1080 2600 ducere
1098 2571 1185 2600 eam
1204 2561 1270 2601 vel
1288 2557 1430 2600 dotare
1447 2559 1633 2615 quinque
