1716 3016
201 155 287 198 950
805 153 882 194 IX.
941 155 1007 198 52.

200 265 614 317 ἑξηκονταταλαντείαν
642 267 736 319 lego
772 265 818 305 in
859 266 1070 306 Demosth.
1110 265 1226 318 Oret.
1263 267 1354 321 περὶ
1377 267 1619 322 σὐμμοριων

203 320 332 376 Quod
361 330 497 360 tamen
521 334 608 359 non
632 320 815 361 advertit
834 323 994 361 Hostus
1022 321 1096 362 lib.
1118 337 1190 362 ru.
1220 323 1283 361 rei
1298 337 1452 363 numm.
1476 333 1560 364 vet.
1585 338 1618 365 c.

203 376 278 419 14.
301 376 374 414 ubi
404 375 455 415 de
491 376 734 429 compositis
765 391 788 416 a
821 390 925 418 voce
963 374 1154 420 τάλαντον
1181 377 1298 431 agit,
1320 388 1383 418 et
1409 381 1619 434 vulgatam

199 432 424 475 lectionem
446 432 634 470 Pollucis
655 431 820 472 retinet.
876 435 999 474 Iunc.

309 501 696 548 πεντηκονταλαντία
708 499 729 551 ]
767 501 981 539 Kuehm‘us
1011 499 1063 540 ad
1095 500 1218 541 MSS.
1255 499 1378 540 fidem
1406 514 1621 551 πεντηκον-

200 555 433 598 τοταλαντία
462 554 506 592 ἱιι
528 563 648 594 textu
667 555 878 606 restituit,
907 565 949 596 et
972 565 1095 596 recte.
1135 556 1277 597 nescio
1297 565 1435 595 tamen
1456 569 1507 595 an
1532 569 1617 594 non

202 611 322 650 aliter
340 609 384 647 in
401 608 482 648 hoc
499 612 595 649 loco
614 611 812 664 repererit
823 612 1122 664 Etymologus
1109 627 1153 651 m
1173 612 1377 662 τάλαντον,
1394 610 1468 650 ubi
1487 613 1618 665 plera-

202 678 285 720 que
309 665 412 704 haec
438 675 494 704 et
505 666 723 718 sequentia
741 668 928 706 Pollucis
955 668 1090 706 nostri
1109 667 1153 707 in
1175 682 1293 707 suum
1311 667 1460 706 retulit
1476 666 1618 707 Lexi-

202 736 298 771 con,
319 729 446 774 prout
468 720 632 774 singula
655 721 878 775 diligenter
901 722 1179 763 indicabimus
1198 738 1275 763 suo
1297 736 1490 794 qu'aeque
1508 717 1616 761 loco.

201 776 330 818 verba
348 776 439 815 eius
461 786 558 815 sunt
576 774 702 816 haec:
721 776 846 819 πολλα
863 777 978 832 εὖρον
996 780 1202 831 σημαίνειν
1219 775 1293 830 τὴν
1309 779 1433 829 aigar-
1462 776 1490 827 ἢ
1509 775 1620 830 παραὶ

199 850 244 875 το
264 833 453 885 μέγιστον
479 834 648 887 χρυσίου
675 836 742 875 και
749 832 956 902 ἀργυρίου
984 836 1125 887 μέρος,
1162 834 1272 877 καθ’
1287 833 1314 875 ὃ
1328 831 1619 887 σημαινόμενον

199 888 465 940 Λημοσθένης
483 890 604 940 φησί·
635 887 875 937 πεντήκοντα
895 885 1088 932 τάλαντα·
1118 889 1189 930 sed
1205 891 1278 929 illa
1297 889 1463 944 quidem
1488 889 1617 929 lectio

198 944 299 983 hnic
318 946 438 991 loco,
467 953 517 982 ut
532 958 588 983 ex
608 944 879 996 sequentibus
904 954 1040 998 patet,
1071 945 1271 985 convenit
1287 958 1452 997 parum,
1481 956 1618 997 neque

199 1001 392 1038 Pollucis
408 999 542 1038 nostri
568 998 731 1052 integra
762 998 865 1039 haec
896 1000 1034 1039 omnia
1065 999 1334 1053 descripserit
1350 1000 1618 1066 Etymologus

198 1055 392 1094 forsitan.
435 1055 479 1092 in
511 1055 800 1093 Demosthenis
834 1069 935 1095 vero
965 1056 1202 1108 Philippica
1228 1067 1259 1098 1.
1298 1053 1551 1104 ἐννενήκοντα
1578 1063 1620 1094 et

197 1107 489 1163 τεσσαράκοντα
521 1107 692 1152 τάλαντα
732 1111 920 1164 reperio,
972 1110 1155 1166 alibique
1193 1119 1338 1152 extent
1371 1108 1625 1162 πεντήκοντα

196 1164 383 1215 τάλαντα,
412 1179 518 1219 quae
534 1166 801 1219 Etymologus
820 1166 1024 1208 nominat.

308 1234 376 1275 καὶ
390 1230 486 1298 γοῖρ]
518 1231 564 1272 C.
586 1233 637 1273 A.
665 1235 733 1275 καὶ
759 1248 842 1301 γαρ
864 1236 933 1275 και
955 1236 985 1275 ἑ.
1010 1231 1043 1275 ἔ.
1073 1234 1204 1276 εἰπεῖν
1225 1235 1295 1275 καῖ
1313 1235 1618 1277 δεκαταλαντίαν

196 1290 264 1333 καὶ
282 1286 364 1356 αἷιό
382 1307 426 1330 π.
454 1287 492 1330 οἱ.
519 1305 562 1330 π.
594 1305 630 1330 κ.
659 1291 689 1331 ἕ.
718 1305 755 1331 ο.
785 1287 842 1339 μή
860 1287 904 1330 ro*
922 1287 1198 1344 δυσφθεγκτόν
1213 1291 1283 1331 καὶ
1306 1289 1356 1332 τᾶ
1373 1289 1497 1344 τραχύ
1519 1306 1618 1341 προς

196 1364 267 1395 την
288 1342 411 1394 ἅκοην
429 1344 650 1396 ἐμποδίζοι
682 1344 795 1397 quod
827 1345 1016 1383 ultimum
1043 1355 1086 1384 et
1105 1343 1149 1385 G.
1169 1345 1219 1386 V.
1249 1344 1388 1385 habet.
1428 1345 1533 1385 haec
1553 1349 1619 1385 le-

198 1402 283 1441 ctio
310 1400 401 1439 sine
432 1398 560 1438 dubio
599 1400 745 1438 melior
777 1403 970 1454 vulgata,
1008 1399 1233 1440 dummodo
1269 1400 1388 1443 ὅπου
1402 1403 1616 1455 vulgatum

196 1455 319 1496 adsit.
351 1455 432 1504 ubi,
464 1454 620 1508 inquit,
642 1453 867 1505 difficultas
882 1458 1242 1507 pronuntiationis
1259 1465 1299 1495 et
1314 1458 1487 1496 molesta
1504 1459 1618 1494 auri-

196 1513 271 1551 bus
296 1513 498 1563 asperitas
534 1523 610 1549 non
648 1510 891 1549 obstiterint.
920 1512 1055 1550 S.alm
1085 1523 1205 1552 vetus
1233 1511 1341 1551 liber
1371 1526 1459 1552 non
1489 1510 1626 1551 habet-

195 1570 300 1611 ἔστιν
317 1567 444 1609 εἰπεῖν
463 1564 566 1608 κατά
593 1583 666 1615 την
699 1564 901 1618 ὖφῆγησιν
925 1571 998 1608 τοῦ
1016 1583 1173 1632 προειρ.
1205 1569 1272 1609 καὶ
1290 1570 1422 1612 δεκατ.
1452 1565 1617 1614 αυτίκα·

195 1624 240 1662 in
263 1622 434 1663 caeteris
462 1622 676 1661 consentit
706 1636 799 1661 cum
828 1622 876 1662 C
904 1622 953 1663 A.
983 1622 1068 1661 nisi
1096 1621 1210 1677 quod
1225 1623 1375 1678 legit''
1350 1640 1454 1668 σπου
1469 1640 1526 1678 μη
1549 1623 1618 1666 τοῖ’

194 1677 449 1735 δυ’σφευκτον
505 1678 679 1717 Kussms.

304 1745 680 1798 ἑκατονταλαντίαν]
709 1744 817 1784 Sic
803 1759 848 1783 m
869 1744 1053 1788 Ιππεῦσι
1079 1745 1258 1787 Comici·

360 1799 492 1868 φεύξει
507 1799 664 1868 γραφάς
685 1799 1034 1850 ἑκατονταλάντους
1055 1801 1254 1868 τέτταρας.
1306 1801 1437 1844 Iunc.

193 1913 284 1956 MS
305 1875 406 1952 καΙτα
433 1874 506 1910 την
536 1852 657 1911 ὐφῆγ.
695 1861 801 1906 etc.]
837 1858 1009 1897 Desunt
1042 1874 1142 1900 κατα
1165 1877 1200 1900 τ.
1230 1857 1306 1912 ὕφ.
1340 1859 1415 1902 τοῦ
1438 1873 1530 1915 προ
1571 1858 1616 1897 iu

367 1926 473 1953 UNG-

304 1981 402 2023 ὅπου
422 1979 463 2022 τὸ
488 1977 735 2032 δυ’σφευκτον
761 1988 839 2020 etc.
853 1979 868 2032 ]
897 1978 990 2021 MS.
1008 1978 1109 2023 ὅπου
1128 1999 1183 2034 μη
1206 1978 1265 2023 τό.
1321 1981 1418 2022 San.

305 2049 407 2091 ὅπου
424 2045 471 2089 τό
490 2044 733 2099 δυ’σφευκτον
760 2056 839 2087 etc.
851 2048 865 2099 ]
900 2047 1086 2087 Omnino
1107 2047 1279 2087 emenda
1296 2056 1346 2086 nt
1362 2047 1456 2088 MS.
1475 2057 1618 2093 noster

194 2104 334 2152 hahet,
366 2104 467 2146 ὅπου
496 2100 567 2171 μῆ
585 2101 725 2171 (quod
753 2100 810 2155 μή
843 2113 886 2141 et
908 2104 1043 2141 Seberi
1065 2104 1160 2143 MS.
1193 2102 1432 2168 adgnoscit)
1459 2100 1507 2145 to*
1522 2102 1618 2145 δύσ-

193 2169 392 2215 ᾳθεγκτον
431 2161 498 2201 καὶ
518 2175 563 2200 το
590 2175 710 2211 τραχυ
735 2173 800 2213 πρ.
831 2177 868 2199 τ.
895 2156 935 2199 οἱ.
962 2161 1184 2211 ἐμποδίζοι·
1223 2159 1270 2201 ro*
1293 2160 1336 2199 δὲ
1360 2155 1596 2200 τάλαντον
1568 2177 1618 2208 ην

192 2219 286 2273 μέν·
323 2215 488 2279 egregie
527 2217 678 2255 omnia.
720 2214 952 2266 posteriora
985 2213 1137 2265 passim
1171 2223 1214 2254 et
1252 2227 1306 2254 ex
1336 2227 1413 2255 sno
1451 2209 1618 2260 Sabor-us

194 2283 335 2312 noster
355 2269 564 2319 restituit,
595 2283 720 2323 quum
746 2277 867 2308 antea
894 2271 1022 2322 vulgo
1048 2278 1178 2309 esset:
1209 2267 1404 2312 ταλάντου
1425 2265 1479 2312 δ’.
1536 2269 1617 2309 Sed

195 2328 334 2367 omnia
361 2328 422 2365 ita
445 2334 494 2364 ut
516 2338 567 2364 ex
595 2334 739 2364 nostro
761 2324 853 2363 MS.
880 2322 1101 2394 descripsi,
1102 2323 1416 2397 emendanda
1413 2334 1525 2364 sunt.
1556 2325 1626 2363 sic'

195 2397 319 2437 segm.
348 2381 415 2423 54.
453 2378 503 2430 ἦν
528 2380 569 2422 δὲ
593 2381 681 2430 καὶ,
719 2389 762 2420 et
789 2378 854 2419 56
894 2376 943 2427 ἦν
970 2381 1014 2420 δὲ
1045 2381 1113 2420 καῖ
1138 2375 1416 2444 ddqmevxtov·
1404 2394 1449 2418 m
1471 2379 1549 2419 bac
1570 2393 1632 2425 re,
1662 2416 1664 2419 ⁴

193 2452 408 2491 nunquam
449 2436 560 2474 dixit
585 2437 754 2475 Pollux.
792 2431 1068 2487 δυσφθεγκτον
1104 2434 1342 2487 saepissime
1377 2434 1421 2473 in
1447 2434 1527 2474 hau
1556 2449 1615 2482 re,

194 2493 265 2532 nbi
293 2491 492 2547 quaedam
521 2491 725 2530 vocabula
758 2490 905 2544 iungi,
935 2492 1002 2528 vel
1031 2489 1081 2527 ab
1112 2489 1163 2527 iis
1193 2490 1273 2528 alia
1303 2488 1482 2529 derivari
1504 2499 1626 2531 vetat.

195 2549 247 2588 ob
265 2558 426 2588 teneras
445 2546 673 2598 auriculas,
703 2556 746 2586 et
768 2546 863 2585 soni
888 2543 1106 2594 duritiem,
1138 2545 1236 2598 quia
1254 2539 1615 2598 δυσφθεγκτοτερα.

194 2604 443 2658 Saepissime
475 2600 518 2641 id
546 2601 624 2642 tibi
659 2600 839 2643 occurrit
867 2600 911 2639 in
938 2601 1130 2650 Polluce,
1168 2610 1215 2640 nt
1241 2614 1365 2654 supra
1405 2614 1525 2657 vus,
1553 2599 1614 2642 15.
1663 2654 1666 2657 Δ
