1690 2996
161 110 267 152 1264
757 105 835 146 Ix.
895 108 986 150 153.

163 220 401 268 Θουκυδίδης
416 218 458 260 δὲ
480 215 742 274 ἄνιχρήσατο·
773 217 839 261 καὶ
854 215 901 261 τᾶ
929 227 1010 257 etc.
1069 216 1128 256 Ni
1155 217 1278 255 fallor
1300 217 1342 256 in
1364 215 1576 257 Thesauro

162 275 245 314 hoc
283 274 452 313 verbum
481 273 779 327 οἷναχρήσασθαι
808 277 931 327 plane
961 272 1155 312 omissum
1183 282 1259 319 est,
1299 272 1410 327 quod
1436 273 1576 311 miror.

162 331 263 370 Non
304 330 444 368 omisit
475 330 726 382 Hesychius:
769 326 1022 384 Ἀναχρὴσῃ,
1071 327 1261 383 α’νατιμῇ.
1316 338 1357 367 et
1384 325 1578 382 Ἀνεχρῆ-

164 403 307 433 σαντο,
335 387 589 439 διέφθειραν·
620 399 739 439 quem
767 386 857 425 sine
885 384 1012 423 dubio
1040 394 1144 437 puto
1171 381 1222 421 ad
1249 385 1385 422 locum
1417 384 1578 437 Thucy-

165 441 275 479 didis
311 443 550 494 respexisse.
599 441 735 479 malim
770 441 912 494 itaque
941 442 1095 494 legere:
1143 440 1383 488 Θουκυδίδης
1409 441 1452 481 δὲ
1482 439 1579 480 ἅνε-

165 495 372 551 χρήσαντο.
425 500 544 536 locus
578 495 771 534 historici
807 495 1055 535 nobilissimi
1084 494 1188 532 mihi
1218 493 1391 547 ‚quidem
1419 507 1504 533 non
1531 494 1579 532 in

165 562 373 606 promptu.
420 567 512 591 eum
542 562 675 591 tamen
710 550 853 591 eodem
892 550 1016 589 modo
1046 551 1198 588 Suidas
1228 550 1422 602 protulit:
1462 547 1582 592 'An-

164 606 380 663 χρήσαντο,
418 607 582 654 scribit,
612 607 865 659 διέφθειραν·
893 606 996 648 οὕτω
1024 606 1293 655 Θουκυδίδης·
1330 606 1511 658 σημαίνει
1535 606 1579 647 δὲ

164 666 233 708 καὶ
253 662 299 706 τό
314 666 373 712 εἰς
389 665 526 717 χρείαν
545 663 644 710 τινὲς
665 662 969 715 παρειλήφασιν.
1025 663 1155 702 Iuno.
1580 683 1584 687 ,

270 716 565 772 Ἀριστοφάνης
602 720 669 771 δέ]
723 719 960 757 Adiecimus
996 731 1019 756 e
1054 715 1178 757 MSS.
1227 715 1456 756 auctarium
1492 729 1581 755 non

166 774 442 827 spernendum
471 783 567 827 post
603 775 757 812 Comici
789 772 936 820 verba;
979 772 1121 825 χρῆσιν
1147 771 1342 810 nimirum
1379 771 1583 822 Thucydi-

167 832 296 870 deam.
348 829 419 868 sed
457 828 645 884 equidem
676 829 719 867 in
746 843 796 868 eo
826 841 890 866 me
921 827 1090 866 verbum
1119 825 1227 865 illud
1253 825 1475 866 offendisse
1502 825 1583 866 etsi

165 900 253 925 non
293 885 578 938 perfunctorie
614 882 836 938 aliquando
871 885 982 922 lecto
1022 882 1218 920 memoria
1255 895 1340 921 non
1380 882 1581 936 suggerit.

167 950 301 981 tamen
334 939 435 993 quid
468 939 654 991 suspicer
686 952 873 991 promere
897 937 1026 977 lubet.
1059 940 1215 990 glossas
1238 946 1281 976 et
1298 937 1582 989 expositiones

166 997 412 1049 marginales
446 996 491 1033 in
533 995 668 1047 ipsum
712 1003 874 1033 textum
908 992 1149 1032 creberrime
1197 991 1394 1046 genuinis
1437 991 1584 1031 eiectis

167 1052 401 1104 irrepsisse.
432 1065 516 1089 non
549 1049 673 1088 dubia
706 1063 769 1088 res
799 1057 873 1088 est.
914 1047 1123 1102 superiori
1148 1047 1289 1101 itaque
1316 1056 1416 1086 nota
1445 1049 1586 1086 locum

176 1106 424 1159 Thucydidis
454 1105 637 1144 indicavi
650 1136 661 1154 ‚
701 1103 771 1142 ubi
796 1103 849 1158 τῷ
874 1102 1166 1157 διαχρήσασθαι
1188 1102 1320 1141 fuerit
1338 1116 1435 1141 usus
1444 1120 1459 1151 ,-
1490 1116 1585 1142 eum

168 1163 239 1201 hio
266 1175 472 1214 apponam
505 1161 737 1214 integrum:
774 1161 1060 1213 καθιζομὲνους
1093 1159 1134 1200 δὲ
1169 1156 1277 1206 uuir,-
1308 1159 1374 1201 καὶ
1406 1160 1471 1201 ἐπὶ
1505 1158 1585 1200 τῶν

167 1217 335 1270 Σεμνῶν
363 1218 471 1259 θεῶν
501 1219 544 1259 ἕν
573 1219 657 1263 τοῖς
676 1218 825 1269 βωμοῖς
851 1218 891 1258 ἐν
914 1216 962 1269 τῇ
983 1209 1145 1267 παρόδῳ
1163 1212 1424 1266 διεχρήσαντο.
1481 1214 1586 1253 lun-

164 1276 381 1325 germanm'
402 1272 533 1311 nostri
545 1271 704 1310 indicio
726 1271 905 1323 utrique,
925 1271 1149 1322 Hesychius
1173 1278 1215 1307 et
1233 1269 1399 1320 suidas,
1420 1266 1585 1322 ἆνεχρὴ-

170 1345 290 1371 σανιο
320 1328 496 1374 habent,
534 1327 741 1379 posterior
765 1326 929 1379 quidem
956 1340 978 1365 e
1012 1324 1255 1375 Thucydide.
1286 1333 1427 1376 putem
1454 1323 1588 1378 igitur

171 1385 357 1423 nativum
391 1397 478 1422 esse
515 1382 812 1434 Tlmcydideum
835 1382 915 1420 hoc
944 1384 1037 1420 loco
1066 1377 1351 1433 ᾰνιχρήσαντο,
1384 1379 1429 1417 in
1463 1380 1584 1418 cuius

137 1471 143 1478 .
170 1441 282 1480 vices
321 1438 497 1477 subierit
527 1435 805 1490 διεχρήσαντο,
845 1437 987 1475 notius
1018 1435 1180 1474 scilicet
1221 1444 1346 1488 atque
1371 1434 1584 1483 usitatius,

173 1510 264 1534 cum
287 1504 327 1533 et
348 1493 429 1547 ipsi
456 1494 654 1546 temporis
676 1494 783 1531 ratio
802 1502 1016 1545 ceteraque
1038 1492 1116 1530 alia
1139 1505 1211 1543 per
1231 1504 1391 1530 omnem
1413 1489 1586 1529 modum

171 1552 353 1590 faveant.
385 1548 512 1588 stabit
531 1558 691 1598 autem,
722 1549 765 1586 ni
787 1549 934 1595 fallor,
971 1546 1071 1585 haec
1103 1559 1190 1585 mea
1221 1546 1484 1596 coniectura,
1514 1545 1588 1584 do-

171 1621 247 1646 nec
275 1605 381 1645 aiius
413 1619 435 1643 e
463 1605 667 1656 scriptore
694 1603 1046 1656 praestantissimo
1077 1601 1344 1654 depromptus
1373 1601 1429 1639 sit
1457 1604 1587 1650 locus,

171 1661 244 1700 ubi
262 1665 424 1714 legatur
449 1656 691 1713 ἀνεχρήσατο
722 1662 787 1698 vel
815 1654 1094 1711 α’νεχρῆσαντο.
1130 1656 1237 1694 tanti
1267 1670 1365 1695 vero
1385 1669 1468 1694 non
1493 1655 1588 1696 exi-

171 1717 360 1765 stimavi,
398 1725 445 1754 ut
474 1712 740 1768 αἰιεχρήσαντο
765 1728 1006 1767 reponerem
1030 1714 1074 1751 in
1092 1713 1262 1751 Polluce
1283 1725 1453 1750 numero
1476 1713 1589 1750 mul-

172 1771 368 1812 titudinis
393 1772 546 1809 Suidae
565 1780 605 1809 et
628 1770 749 1808 huius
768 1771 853 1808 loci
876 1783 1010 1810 causa.
1048 1783 1141 1807 uam
1164 1766 1242 1806 hac
1259 1767 1384 1806 etiam
1405 1767 1588 1807 lectione

171 1837 375 1876 manente,
409 1826 550 1865 sensui
574 1826 683 1864 nihil
708 1825 886 1867 decedit.

281 1884 346 1924 καὶ
373 1880 420 1923 τό
445 1885 737 1932 καταστορῆσαι
768 1882 872 1933 ete.]
914 1880 1006 1919 MS.
1034 1879 1181 1917 iterum
1201 1881 1328 1932 longe
1356 1876 1470 1916 aliud
1489 1891 1589 1918 ver-

173 1940 269 1978 bum
298 1936 418 1975 nobis
446 1936 637 1976 exhibet:
675 1940 741 1978 καῖ
766 1935 814 1977 ro*
837 1937 1059 1986 πέπρακται
1078 1937 1119 1976 δὲ
1139 1935 1204 1976 ἐπὶ
1220 1932 1343 1974 αὐτοῦ
1359 1931 1588 1976 τάττουσιν

172 2008 258 2033 non
289 1993 605 2042 καταστορῆσαι,
653 1991 763 2044 quod
793 1992 874 2030 viri
906 1991 1019 2029 docti
1052 2003 1204 2043 quaeso
1236 1988 1516 2040 considerent,
1547 1989 1588 2029 si

174 2052 284 2089 forte
319 2048 412 2101 quis
444 2049 548 2087 male
584 2046 742 2086 calidus
780 2046 822 2085 id
862 2047 1006 2094 eiecit,
1049 2059 1174 2098 quum
1203 2058 1288 2084 non
1319 2045 1510 2098 legisset,
1547 2053 1591 2084 et

173 2103 467 2157 καταστορῆσαι
492 2111 678 2154 putasset
702 2102 838 2153 aptius
858 2104 995 2141 locum
1018 2100 1188 2149 habere,
1221 2109 1389 2152 propter
1409 2113 1589 2153 sequen..

174 2171 256 2200 tem
277 2161 418 2214 χρῆσιν
441 2158 659 2197 Herodoti.
719 2159 776 2195 At
797 2158 948 2195 Noster·
984 2171 1059 2196 nec
1087 2154 1428 2208 praecedentibus
1444 2168 1591 2194 exem-

175 2218 257 2270 plis
302 2215 423 2254 verba
459 2212 791 2267 κατεργάζεσθαι,
852 2210 1162 2263 ἀποχρήσασθαι
1203 2220 1246 2250 et
1281 2204 1590 2264 ἆναχρῆσασθαι

177 2270 432 2324 praeposuit,
464 2269 534 2308 sed
558 2280 598 2309 et
618 2269 753 2307 statim
775 2266 956 2306 reddidit
986 2267 1028 2304 in
1049 2265 1263 2318 exemplis.
1303 2274 1344 2304 et
1367 2267 1590 2318 πέπρακται

178 2327 228 2366 de
265 2341 307 2365 re
344 2326 559 2373 confecta,
603 2327 670 2364 vel
706 2322 827 2362 caede
871 2331 1033 2375 peracta
1072 2334 1156 2359 non
1198 2319 1372 2360 absurde
1413 2320 1588 2362 dicatur.

179 2382 331 2421 Omnia
354 2392 488 2420 tamen
507 2381 692 2420 virorum
715 2380 931 2418 doctorum
959 2376 1118 2414 iudicio
1145 2376 1352 2426 permitto.
1409 2375 1533 2417 Ione.

288 2440 356 2479 καὶ
385 2432 431 2478 το“
449 2435 761 2487 καταστορῆσαι]
802 2432 961 2472 Ceteris
983 2431 1051 2470 hic
1074 2431 1195 2470 MSS.
1225 2431 1435 2470 consentit
1457 2433 1591 2470 Falc-

179 2494 395 2543 kenburgii
422 2492 588 2540 Codex,
630 2491 713 2529 nisi
731 2489 861 2542 ⁴quod
892 2489 962 2527 ille
987 2487 1133 2526 melius
1161 2484 1418 2539 πεπράχθαι·
1455 2501 1591 2541 neque

179 2562 276 2588 vero
299 2547 480 2587 sustinui
511 2545 805 2602 praeeuntibus
835 2555 915 2583 tam
945 2543 1047 2582 bene
1066 2543 1160 2583 MS.
1199 2555 1285 2582 non
1304 2542 1432 2597 sequi.
1462 2542 1588 2583 habes
