1716 3016
207 155 295 199 884
821 150 897 192 IX.
958 151 1022 193 15.

322 265 348 290 *
363 260 653 316 πολυάνδρεια]
684 260 730 302 G.
749 261 800 300 A.
819 263 1096 314 πολυανδρεῖα.
1152 265 1301 303 Konna.

324 320 348 346 *
366 318 651 371 πολυάνδρεια]
678 318 728 355 In
754 316 957 369 Hesychio
975 325 1035 355 est
1048 312 1338 382 Πολυάνδρισν.
1366 310 1494 367 τάφος
1507 317 1635 356 πολυ-

213 372 401 429 χῶρητος,
433 376 585 427 μνῆμα·
615 372 686 413 sed
706 386 777 411 seu
797 370 1059 436 πολυάνδριον
1082 385 1154 411 seu
1174 367 1459 436 πολυάνδρειον
1476 368 1631 409 scribas

215 445 358 498 parum
379 431 527 482 refert,
568 439 745 468 attamen
770 428 884 480 prior
907 427 1081 480 scriptio
1103 427 1234 480 magis
1253 436 1315 466 est
1333 427 1502 466 usitata.
1541 429 1634 468 Πο-

213 484 405 536 λυᾶνδρια
425 499 522 524 vero
542 483 760 537 sepulchra
782 493 899 522 erunt
923 483 1152 534 capaciora,
1182 483 1226 520 in
1248 481 1399 546 quibus
1421 483 1634 535 pluscnhe

213 541 403 581 locandis
425 540 692 580 cadaveribus
714 540 827 578 fuere
847 540 1033 581 cellulae
1079 537 1390 590 Hieronymus'
1379 552 1424 576 in
1451 535 1635 588 Prophe-

218 605 283 634 tas
300 595 410 635 haud
433 609 524 635 raro
542 594 756 634 meminit:
787 603 829 633 et
847 592 1088 632 huiusmodi
1103 593 1268 645 publica
1291 593 1423 633 fuisse
1435 590 1635 632 videntur

210 650 451 704 sepulchra,
482 650 525 689 in
535 650 694 716 quibus
714 649 886 688 honoris
909 663 1006 702 ergo
1031 648 1114 687 viri
1142 649 1272 689 fortes
1293 657 1336 688 et
1365 648 1472 688 bene
1494 646 1546 686 de
1564 660 1636 686 re-

217 706 388 760 publica
409 706 663 746 meritissimi
689 704 815 744 condi
849 703 1050 745 solebant
1081 705 1207 743 Philo
1227 707 1479 758 βελοποιικῆς
1493 703 1568 743 lib.
1591 717 1633 744 v.

215 776 310 816 pag.
329 761 394 810 86.
419 764 481 804 δεῖ
494 762 533 804 δὲ
550 763 615 804 καὶ
638 765 714 803 τῶν
733 757 894 815 ἀγαθῶν
916 756 1070 813 ἀνδρῶν
1096 759 1189 809 τούς
1198 759 1362 828 τάφους
1374 761 1442 802 καὶ
1460 752 1634 801 πολυοῖν-

216 820 308 871 δρια
326 815 509 888 πύργους
526 816 844 865 κατασκευάζειν,
874 817 942 857 ἵνα
958 814 986 868 ἥ
1001 832 1040 857 τε
1057 812 1169 864 πόλις
1186 810 1451 883 ασφαλεστὲρα
1468 817 1635 870 γίνηται,

215 874 285 915 καὶ
304 876 345 915 οἱ
362 874 430 926 μὲν
451 870 509 915 δι’
530 870 694 927 αρετήν,
733 874 775 914 οἱ
798 869 837 913 δ’
855 868 953 925 ὑπὲρ
980 875 1050 923 τῆς
1070 873 1256 924 πατρίδος
1275 868 1573 924 τελευτήσαντες
1593 871 1636 912 ἓν

217 925 318 987 αυτῇ
332 935 379 986 τῇ
393 931 551 983 πατρίδι
567 934 693 976 καλοῖς
713 923 810 969 ωσιν
827 928 1085 980 τεθαμμένοι·
1115 936 1156 966 et
1166 940 1266 967 vero
1284 933 1496 967 munerata
1509 925 1636 996 digne

215 992 378 1037 patrum
400 985 545 1035 virtus,
562 984 709 1022 mirum
721 997 824 1035 quos
842 983 1034 1021 stimulos
1053 983 1231 1035 posteris
1249 981 1388 1027 addat.
1417 979 1636 1037 Βοῆρίοις,

219 1053 324 1094 quae
342 1040 577 1079 nominavit
599 1038 723 1078 modo
750 1040 923 1089 Pollux,
950 1037 1046 1077 vide
1069 1041 1455 1089 Harpocrationem.

327 1094 459 1164 μόνῳ,
486 1113 532 1136 τα
550 1094 823 1148 κεκρυμμένα]
869 1094 916 1135 C.
937 1094 989 1134 V.
1009 1111 1062 1135 τω
1083 1095 1298 1147 κεκριμένοι
1314 1097 1434 1136 male.
1490 1099 1635 1134 Kum.

328 1150 448 1205 μόνῳ,
476 1150 523 1193 τὰ
542 1150 812 1214 κεκρυμμένα]
853 1150 947 1188 MS.
966 1147 1076 1203 μόνῳ
1097 1154 1152 1206 τῷ
1170 1151 1382 1207 κεκριμένου
1401 1150 1468 1192 και
1489 1151 1638 1204 μνημία

219 1207 271 1250 αν
288 1224 346 1256 τις
362 1217 442 1249 etc.
471 1206 635 1260 egregie
657 1205 859 1244 mehercle
885 1192 1153 1269 Thucydidem
1172 1192 1418 1261 κεκριμένον,
1446 1214 1639 1245 exactum

217 1277 366 1315 nempe
384 1264 621 1313 scriptorem
641 1269 683 1298 et
699 1259 914 1310 probatum
932 1269 1077 1307 vocat,
1110 1260 1220 1299 sicut
1236 1270 1279 1299 et
1298 1261 1400 1300 alias
1421 1261 1543 1314 loqui
1565 1275 1640 1301 so-

217 1321 300 1358 letz
340 1331 416 1370 pro
444 1330 527 1368 quo
552 1315 712 1368 vulgati
732 1314 874 1354 nescio
895 1328 1002 1368 quae
1022 1315 1273 1368 κεκρυμμένα
1290 1315 1414 1355 nobis
1435 1315 1637 1356 hactenus

219 1373 500 1412 obtruserunt.
530 1371 591 1409 sic
615 1370 724 1408 infra
747 1384 874 1422 segm.
898 1370 986 1412 155.
1007 1373 1048 1412 οἱ
1061 1371 1302 1421 κεκριμένοι,
1329 1380 1371 1412 et
1388 1385 1486 1411 mox
1504 1385 1638 1412 exem-

217 1432 289 1483 pla
323 1442 346 1467 e
380 1426 664 1496 Xenophonte,
701 1426 998 1491 Aristophane
1014 1436 1056 1465 et
1092 1427 1319 1479 Thucydide
1344 1426 1493 1467 adfert.
1534 1436 1576 1466 et
1591 1442 1636 1477 x,

219 1484 285 1526 60
302 1479 397 1552 παρ’
418 1481 551 1524 ουδενὶ
568 1485 646 1522 τῶν
661 1481 900 1532 κεκριμένων
917 1494 1058 1531 ευρον·
1099 1491 1141 1520 et
1173 1496 1216 1531 x,
1246 1479 1314 1523 88.
1342 1499 1419 1524 καν
1436 1481 1544 1536 παρὰ
1563 1484 1640 1526 τινὶ

219 1543 299 1581 τοῖν
320 1533 437 1607 ἦττον
463 1538 699 1607 κεκριμένων
730 1534 852 1589 εὕρω·
883 1536 942 1574 sic
965 1536 1015 1575 de
1041 1541 1194 1576 vocula
1213 1552 1298 1577 non
1321 1525 1494 1590 probata
1512 1553 1639 1587 supra

214 1610 282 1644 ιν,
305 1609 364 1645 17.
376 1591 464 1635 ουδὲ
483 1610 555 1647 γαρ
565 1591 608 1634 τὸ
631 1590 875 1640 σοφιστεύειν
889 1592 929 1632 ἐν
941 1589 1070 1644 χρήσει
1083 1594 1311 1662 κεκριμένῃ·
1342 1592 1386 1632 id
1398 1603 1474 1644 est,
1487 1595 1638 1634 utMS.

220 1627 284 1689 ibi
308 1650 387 1688 alia
405 1649 589 1688 lectione
609 1647 762 1688 habet:
791 1647 834 1689 τὸ
856 1647 898 1689 δὲ
917 1648 1162 1696 σοφιστεύειν
1179 1665 1252 1690 ουκ
1269 1645 1489 1702 εὐδόκιμον.
1518 1649 1637 1690 Alias

220 1711 387 1760 μνημεῖα
403 1703 664 1743 retinendum
684 1716 847 1751 censeo,
866 1712 1037 1754 propter
1057 1704 1257 1743 librorum
1277 1703 1401 1745 MSS.
1420 1706 1465 1744 in
1485 1705 1637 1744 talibus

219 1761 458 1802 varietatem
481 1759 643 1811 saepius
665 1758 746 1796 iam
767 1767 962 1797 notatam.
1019 1760 1157 1798 Locus
1188 1777 1259 1801 του
1281 1762 1536 1832 κεκριμένου
1534 1761 1638 1800 scri-

213 1815 353 1869 ptoris
377 1815 481 1853 mihi
508 1828 593 1852 non
625 1814 668 1851 in
702 1822 918 1866 promptu.
947 1813 1029 1852 nisi
1054 1815 1104 1853 ad
1122 1815 1234 1854 hunc
1251 1817 1480 1886 respexerit
1495 1818 1638 1871 Ξυγγρ.

221 1871 293 1912 hb.
312 1886 342 1912 Χ.
366 1870 418 1909 de
444 1870 719 1908 Themistoclis
737 1871 949 1921 sepulcro:
979 1877 1169 1922 μνημεῖον
1187 1866 1338 1922 μὲνοῦν
1353 1867 1476 1914 αὐτου
1462 1873 1531 1914 ’ἐν
1550 1877 1640 1914 Μα-

221 1927 363 1982 γνησία
380 1926 459 1967 ἐστὶ
478 1928 526 1978 τῇ
537 1922 708 1979 Ἀσιανῇ,
739 1925 780 1965 ἐν
799 1928 848 1991 τῇ
868 1922 1011 1992 ἀγορᾷ·
1040 1929 1106 1964 vel
1125 1925 1175 1964 ad
1191 1925 1303 1966 hunc
1321 1926 1396 1970 lib.
1407 1941 1447 1967 v.
1461 1926 1512 1967 de
1528 1929 1640 1967 Bra·

220 1983 335 2022 sidae
367 1980 647 2027 monimento:
690 1979 754 2020 καὶ
779 1978 821 2021 τὸ
851 1979 988 2021 λοιπὸν
1017 1983 1059 2022 οἳ
1077 1979 1352 2033 Ἀμφιπολῖται
1366 1984 1642 2051 περιὲρξαντες

211 2033 348 2081 αυτοῦ
370 2036 413 2079 τὸ
433 2041 644 2089 μνημεῖον,
679 2031 727 2083 ὥς
751 2033 859 2088 ἥρωῖ
875 2052 913 2076 τε
931 2037 1174 2089 ἐντέμνουσι,
1203 2038 1269 2080 καὶ
1289 2035 1402 2090 τιμὰς
1421 2037 1640 2082 §somnae-w
1710 2085 1714 2088 ,

221 2103 302 2135 etc.
357 2098 464 2161 lpus.

332 2146 462 2203 μόνῳ,
489 2144 538 2188 τὰ
559 2146 831 2211 κεκρυμμένα]
862 2146 1096 2197 Lectionis,
1129 2162 1249 2201 quam
1270 2148 1523 2202 repudiavit,
1554 2151 1640 2189 ele-

223 2204 406 2258 gantiam
435 2216 519 2241 non
552 2203 665 2255 cepit
687 2203 898 2239 Kuehnius
927 2212 1093 2243 noster:
1134 2204 1205 2243 sed
1228 2219 1315 2244 eam
1346 2215 1428 2244 tam
1459 2215 1650 2254 apertam*

223 2260 327 2299 fecit
352 2257 614 2297 acutissimus
633 2259 979 2307 langermannus,
1010 2267 1056 2296 ut
1078 2259 1121 2296 in
1142 2268 1305 2298 textum
1326 2259 1458 2312 recipi
1470 2259 1640 2309 dignam

222 2314 466 2354 censuerim.
494 2313 687 2351 Locutus
699 2325 864 2365 quoque
884 2313 958 2351 illo
970 2312 1094 2352 modo
1121 2315 1307 2364 Thomas,
1330 2315 1486 2370 aliique
1500 2312 1641 2355 Grani·

222 2369 376 2419 matici,
402 2377 444 2408 et
464 2368 712 2421 Hesychium
729 2367 860 2407 vide
848 2381 892 2405 ln
912 2369 1133 2422 κεκριμένη.

334 2479 402 2521 καὶ
421 2478 574 2546 α’ντρα]
603 2479 670 2520 καὶ
689 2476 846 2517 om'ittit
865 2477 912 2517 C.
937 2479 986 2517 Α.
1041 2485 1182 2520 Km-um.

334 2535 400 2575 καὶ
424 2532 542 2575 Θεόπ.
556 2538 572 2582 ]
600 2533 766 2573 Deest
753 2547 798 2571 in
820 2533 911 2575 MS.
931 2534 1017 2576 καί.
1071 2541 1174 2575 Iunc.

335 2589 409 2642 δὲ]
441 2588 568 2629 Abest
587 2603 609 2628 a
627 2587 670 2629 C.
698 2589 738 2627 A
793 2594 933 2628 Kumm.
