1690 2996
150 98 259 139 1330
769 99 823 139 X.
880 104 949 144 22.

149 204 384 259 συναγωγὴν
397 204 611 261 Ἠρωΐδων
628 208 715 262 ἤτοι
733 213 1027 267 Πυθαγορείων
1044 217 1254 268 γυναικῶν.
1312 214 1578 268 Quapropter

151 261 348 300 hocloco
371 277 458 301 non
481 278 588 302 uxor
622 267 907 317 Pythagorae,
939 282 1043 321 quae
1069 268 1233 322 quidem
1265 269 1390 309 etiam
1416 270 1575 308 vaano

149 316 260 356 dicta
283 327 344 355 0⁵¹
366 320 595 368 nonnullis,
621 320 689 359 sed
712 319 932 371 φιλόσοφος
950 324 1212 379 Πυθαγορική
1226 334 1298 371 est,
1314 335 1359 363 ut
1376 325 1575 364 Stobaeus
1635 358 1637 361 .

148 371 258 411 hanc
294 373 423 423 ipsam
460 375 625 413 Theano
654 379 805 415 salutat
832 380 1020 418 Sermone
1060 381 1142 434 ⁸95.
1203 381 1299 419 Non
1331 381 1462 434 igitur
1487 388 1575 420 erat

150 428 262 481 quod
291 429 480 470 Doctiss.
505 433 723 483 Menagius
748 433 790 470 in
819 433 1035 474 observat.
1059 435 1101 473 in
1128 436 1263 474 Vitam
1283 437 1463 487 Pythag.
1482 449 1592 488 cap..

146 485 214 538 59.
250 485 461 523 Pollucem
484 486 670 526 laudaret
701 488 810 527 inter
827 504 920 539 eos,
962 491 1035 544 qui
1067 492 1226 530 Theano
1248 491 1466 545 coniugem
1488 493 1574 543 Py-

147 541 354 591 thagorae
387 545 662 593 appellarunt.
722 545 957 596 Inter-pretis-
996 545 1077 585 hoe
1113 556 1174 585 est
1205 545 1439 600 παρόραμα,
1485 560 1572 585 non

146 597 335 634 Pollucis
356 607 565 636 assertum.
624 599 735 653 Ergo
764 609 804 638 et
833 602 1024 650 Epistola
1050 601 1100 640 ad
1131 605 1380 641 Timar-etam
1410 602 1573 640 Theano

145 654 350 691 Brontini
369 652 496 691 uxori
520 652 740 692 tribuenda
761 666 823 694 est
839 657 1064 695 secundum
1088 659 1312 697 Pollucem.
1357 671 1464 698 uxor
1488 656 1573 708 Py-

145 709 347 760 thagorae
378 707 462 746 dici
492 711 596 747 solet
626 709 872 764 Πυθαγόρου
891 711 1004 765 γυνὴ,
1025 727 1120 751 ·n0n
1147 713 1437 768 Πυθαγόρειος,
1464 726 1571 765 quae

147 763 253 805 duae
273 764 476 803 lectiones
499 778 583 802 non
607 777 703 803 sunt
726 767 1047 807 confundendae
1073 769 1116 806 in
1139 783 1274 808 unam.
1308 783 1413 822 quae
1433 767 1571 806 hacte-

147 833 226 859 nus
248 818 492 868 dictasunt,
532 822 743 872 pertinent
779 821 827 859 ad
856 825 1079 861 lectionem
1109 827 1331 878 vulgatam.
1370 835 1411 862 at
1439 823 1484 864 C.
1517 823 1568 861 V.

143 874 269 914 habet
297 874 544 928 Πυθαγόρου
571 892 603 928 y.
628 877 687 914 sic
710 886 836 924 esset,
867 880 1134 930 Pythagorae
1161 894 1277 918 uxor.
1316 881 1432 919 Solet
1457 879 1569 918 enim

145 929 261 978 fieri,
301 941 347 968 ut
373 932 573 969 Auctores
608 932 680 969 alii
703 931 825 979 huic,
857 935 929 972 alii
959 948 1059 972 vero
1093 934 1154 972 illi
1183 935 1344 973 Theano
1362 933 1571 973 ascribant

145 989 212 1026 vel
237 986 360 1034 dicta,
392 988 456 1024 vel
477 987 628 1037 scripta
655 987 813 1025 nobilia
834 989 876 1026 in
905 990 1055 1030 Schola
1078 990 1371 1043 Pythagorica.
1425 996 1588 1037 xum„

257 1042 495 1093 Τιμαρέταν]
523 1043 615 1082 MS.
639 1046 744 1082 male
770 1049 1005 1097 Ῥῆμαρεταν.
1063 1050 1170 1087 que,

254 1110 330 1150 ἔστι
350 1110 415 1150 καὶ
433 1106 549 1158 Ἀλὲξ.
570 1109 674 1163 οἱα]
707 1112 811 1152 ἐστὶν
832 1114 898 1152 καὶ
918 1111 1002 1152 MS.
1025 1113 1211 1152 Alexidis
1231 1115 1369 1152 locum
1392 1110 1568 1152 eundem

143 1164 268 1204 credo
291 1165 529 1217 respexisse
549 1175 588 1206 et
609 1167 888 1218 Phrynichum
905 1169 964 1208 ΙΙ.
988 1168 1134 1221 Eclog.
1155 1169 1278 1207 Attio.
1300 1167 1568 1207 scribentem:

142 1224 267 1269 οἰκίας
285 1219 476 1272 δεσπότης
492 1222 658 1268 λεκτέον.
691 1219 761 1274 οὐχ
778 1220 987 1272 ὦς”Αλεξις
1008 1222 1300 1277 οἰκοδεσπότης.
1357 1222 1406 1262 Id
1427 1232 1469 1262 et
1493 1235 1569 1260 su-

143 1292 214 1330 pra
245 1279 287 1314 in
320 1279 551 1316 lemmatum
585 1279 826 1317 recensione
854 1278 1077 1333 diligenter
1102 1279 1144 1316 in
1174 1281 1267 1320 MS.
1289 1278 1564 1318 observatum.

142 1348 235 1372 nam
264 1347 386 1386 segm.
422 1332 458 1371 5.
500 1332 572 1370 ubi
602 1336 728 1384 vulgo
750 1336 878 1384 male,
909 1344 951 1374 et
972 1348 1052 1372 nou
1082 1348 1102 1372 a
1123 1337 1298 1373 Polluce
1318 1344 1446 1383 certe,
1475 1332 1567 1384 περὶ

141 1387 436 1436 οἰκοδεσπότου,
467 1388 524 1425 ibi
549 1389 589 1425 in
620 1389 715 1429 MS.
735 1398 868 1429 recte.-
898 1391 986 1440 περὶ
1007 1391 1131 1438 οἰκίας
1154 1389 1360 1432 δεσπότου.
1416 1390 1566 1428 Alexi-

140 1446 204 1482 dis
230 1454 364 1483 autem
397 1446 606 1483 Tarentini
629 1454 668 1483 et
691 1444 740 1483 ab
766 1447 975 1484 Athenaeo
997 1446 1286 1498 nominantur,
1321 1454 1370 1484 ut
1402 1445 1566 1484 Οαεαιι-

139 1501 265 1539 ὀοηιιε
303 1508 443 1539 noster
468 1499 706 1540 observavit
725 1501 795 1540 lV.
821 1503 971 1540 Athen.
991 1500 1030 1542 4.
1087 1506 1196 1544 que.

817 1573 885 1611 22.
1129 1554 1137 1560 “
1184 1611 1186 1613 ,

247 1622 337 1674 περὶ
356 1626 510 1663 σκευῶν
533 1628 736 1676 θυρωροῦ,
755 1633 834 1664 etc.
852 1629 864 1672 ]
907 1623 954 1666 C,
977 1623 1024 1666 A.
1046 1633 1087 1663 et
1106 1625 1235 1663 Salm.
1254 1623 1369 1664 hune
1387 1624 1566 1664 afferunt

140 1679 333 1718 titulum:
366 1677 438 1719 ὅσα
452 1680 540 1732 περὶ
556 1678 698 1733 θύρας,
732 1680 896 1718 omissis
911 1680 1106 1720 caeteris:
1140 1683 1567 1734 quaeeunqueianuae

135 1743 246 1774 sunt.
302 1741 444 1774 Kumm.

250 1803 341 1853 περὶ
363 1806 513 1843 σκευῶν
536 1805 740 1853 θυρωροῦ,
765 1807 874 1852 etc.]
915 1801 1118 1855 Sequitur
1135 1801 1180 1839 in
1200 1800 1298 1843 MS.
1320 1816 1475 1842 novum
1493 1816 1568 1841 ea..

139 1867 229 1911 put,
257 1857 339 1896 hoc
366 1858 685 1916 tituloz-&vocfiv
709 1857 850 1910 σκεύη,
885 1857 1071 1911 quamvis
1092 1857 1135 1895 in
1154 1859 1345 1896 lemmate
1365 1871 1488 1910 supra
1513 1856 1564 1895 ad

139 1928 262 1967 segm.
293 1927 347 1967 ¹9·
378 1916 501 1950 allato
526 1918 605 1951 hoc
627 1923 751 1963 caput
772 1915 1070 1952 contineretur.
1126 1912 1302 1950 Restant
1319 1911 1396 1962 hac
1409 1913 1563 1966 pagina

137 1983 285 2023 pauca,
316 1982 360 2006 ea
386 1978 518 2007 tamen
543 1968 684 2006 multis
709 1968 841 2007 modis
862 1967 1136 2021 locupletabit
1154 1967 1247 2008 MS.
1270 1979 1423 2007 noster.
1454 1975 1561 2010 Iuno.

246 2040 327 2076 ταῖν
351 2035 391 2076 δὲ
409 2039 558 2075 σκευῶν
579 2036 683 2087 σία]
713 2036 805 2075 MS.
824 2034 900 2077 τῶὐ
923 2035 963 2076 δὲ
981 2038 1135 2076 σκευῶν
1155 2036 1190 2076 εἰ
1204 2039 1338 2087 πρῶτα
1358 2033 1405 2075 τᾶ
1422 2037 1512 2088 περὶ
1529 2052 1561 2078 τ.

136 2100 181 2135 θ.
202 2093 234 2142 (5
268 2091 447 2143 optimez
480 2100 519 2128 et
546 2091 683 2128 statim
718 2091 776 2128 ita
809 2092 1087 2133 restituamus.
1144 2089 1344 2129 Nondum
1370 2104 1561 2129 vasorum

137 2147 362 2201 quidquam
385 2145 597 2199 sigillatim
618 2160 855 2185 enumerare
878 2147 1030 2197 coepit.
1088 2145 1216 2184 Nunc
1238 2145 1281 2184 id
1306 2145 1562 2199 adgreditur.

137 2206 208 2253 Et,
238 2207 275 2241 si
296 2217 400 2249 vero,
431 2201 506 2248 ait,
535 2204 641 2238 inter
661 2215 764 2238 vasa
783 2216 831 2238 ea
853 2205 1031 2251 primum
1052 2201 1293 2240 recensenda
1320 2205 1428 2248 sint,
1461 2215 1562 2254 quae

137 2261 195 2298 ad
210 2263 361 2297 ianuas
379 2260 594 2308 pertinent,
624 2271 672 2294 ea
693 2265 801 2305 sunt,
830 2258 964 2306 μοχλοὶ
982 2267 1060 2297 etc,
1118 2262 1225 2297 Iuno.

248 2320 326 2355 τῶν
343 2314 412 2366 μὲν
430 2318 580 2354 σκευῶν
597 2317 676 2354 τῶν
692 2314 778 2360 περὶ
795 2312 897 2363 eta]
927 2312 1351 2351 Restituileetionem
1363 2313 1563 2351 Palatini

137 2370 321 2420 Codicis,
352 2383 453 2424 quae
473 2383 547 2407 sua
569 2383 612 2407 se
634 2376 846 2408 venustate
860 2366 1021 2419 probat.

246 2438 394 2490 μοχλοὶ,
417 2433 529 2488 όχεῖς,
551 2435 654 2486 etc-J
682 2434 774 2474 MS.
795 2435 858 2474 καὶ
879 2429 1001 2486 ὀχλεῖς
1018 2434 1083 2475 καὶ
1102 2437 1161 2475 xl.
1185 2443 1264 2473 ete.
1322 2439 1403 2474 sas.

209 2545 221 2560 =
247 2494 395 2544 μοχλοὶ,
425 2489 539 2544 όχεῑς,
561 2495 662 2539 etc.]
693 2491 742 2530 C.
765 2489 812 2528 V.
834 2485 955 2543 ὀχλεῖς
981 2492 1098 2530 male.
1154 2490 1343 2528 Labbaei
1375 2490 1511 2531 Glou.
1537 2488 1562 2532 ὗ

135 2546 246 2604 ὅχευς
271 2551 339 2600 τῆς
354 2546 496 2602 θύρας,
522 2548 744 2601 pessulum.
802 2551 946 2586 Kum.
