1690 2996
178 145 286 189 1850
412 183 423 194 .
780 145 857 186 IX.
915 149 981 190 29.

175 257 296 297 silius
317 255 490 305 alicubi,
521 256 597 295 ubi
619 256 663 295 in
689 257 813 296 sacro
837 256 997 299 Codice
1024 255 1174 313 σαροῦν
1190 258 1362 314 legitur,
1391 259 1604 315 καθαὶρειν

174 312 335 366 posuit.
408 313 571 351 Verrem
605 321 646 352 et
679 327 850 351 everrere
886 315 1083 354 Romani.
1138 318 1372 354 Titinnius.-
1419 317 1603 355 Evertite

175 368 315 414 aedis,
347 368 570 421 abstergite
586 382 769 409 araneas.
827 371 1045 410 Lucilius:
1076 372 1262 423 Lignum
1285 371 1455 420 caedat,
1485 371 1601 410 aedis

173 432 326 472 verrat,
354 426 532 475 vapulet.
562 434 787 478 utrumque
806 428 970 465 Nonius
985 425 1129 474 habet;
1165 425 1237 466 sed
1266 425 1309 464 in
1331 427 1496 475 Lucilio
1523 440 1599 478 pro

173 481 343 530 vapulet
364 494 441 534 ego
464 479 630 533 quidem
650 482 781 534 legam
814 490 1003 533 vaporet:
1034 481 1196 538 ᾰτμίζῃ.
1226 483 1383 535 θυμιᾷ,
1418 481 1533 535 quod
1553 481 1599 520 in

171 535 458 589 potentiorum
475 535 648 575 aedibus
676 539 809 576 solere
830 537 919 576 fieri
938 546 1083 576 notum
1110 549 1184 577 est.
1224 538 1285 576 sio
1312 535 1422 590 apud
1442 537 1602 576 Home-

173 605 264 630 rum
303 592 464 642 Ulyesee
508 592 679 630 remotis
729 607 948 644 procorum
997 592 1286 643 cadaveribus,
1341 601 1600 647 purgataque

173 646 298 685 domo
317 645 466 686 odores
489 646 749 686 accendebat.
780 658 996 688 exaratum
1017 649 1102 687 fuit
1124 649 1223 688 olim
1250 650 1451 699 Vapuree,
1484 646 1599 702 quod

173 702 378 756 originem
412 703 520 742 vitio
551 701 680 742 dedit.
730 717 852 756 super
881 702 959 742 hac
986 713 1122 744 tamen
1151 719 1194 744 re
1225 704 1331 743 mihi
1361 702 1598 743 consulenti

170 756 389 810 respondit
409 757 474 796 vir
502 758 834 812 elegantissimus
854 770 895 798 et
918 760 1106 799 acerrimi
1130 759 1280 799 iudicii
1299 758 1429 798 Ianus
1447 759 1598 798 Broek-

169 814 348 864 hai-sius,
379 813 558 853 retinere
576 827 619 852 se
643 814 786 865 potius
812 814 963 853 editam
991 815 1230 866 lectionem,
1260 824 1302 854 et
1327 815 1372 853 id
1393 814 1443 854 de
1463 815 1597 853 ancil-

169 871 255 908 lula
287 870 427 908 forsan
462 872 528 909 vel
557 883 675 908 servo
705 869 857 908 facetia
890 869 1090 923 quadam,
1122 884 1228 924 quae
1255 870 1350 909 talis
1379 871 1423 908 in
1443 869 1595 909 fabulis

170 924 394 964 adhibetur
421 925 682 976 saepissime,
716 923 873 963 dictum
897 925 1145 980 intelligere.
1201 925 1307 965 Inde
1330 939 1456 978 porro
1475 922 1598 978 σάρος

169 981 214 1020 in
244 981 399 1018 Glossie
420 981 646 1019 Philoxeni
662 994 822 1032 scopae.
855 989 896 1019 et
915 978 1054 1034 σάρον,
1083 981 1271 1036 quamvis
1290 990 1332 1019 et
1352 980 1514 1020 diversa
1531 994 1597 1019 ao-

170 1047 318 1076 centus
339 1036 503 1075 ratione
521 1033 646 1087 σαρόν
668 1035 711 1074 in
741 1035 885 1076 iisdem
907 1036 976 1087 sit,
1008 1046 1055 1075 ut
1075 1047 1209 1077 utram
1229 1036 1480 1089 positionem
1505 1036 1600 1075 rna-⁷

167 1094 294 1141 velis,
326 1105 413 1130 non
441 1091 573 1131 libere
603 1091 728 1133 dicas.
768 1089 982 1144 σάρωθρον
1017 1092 1130 1146 quod
1154 1093 1199 1131 in
1234 1091 1494 1131 Onomastico
1518 1105 1596 1132 ve-

168 1149 272 1196 teri,
304 1148 435 1185 rarius
457 1156 699 1200 usurpatum
721 1157 838 1200 puto,
900 1149 1065 1187 Nonius
1085 1157 1222 1188 autem
1253 1147 1446 1187 observat
1462 1147 1599 1187 rusti-

169 1218 238 1243 cos
259 1204 388 1242 Italos
407 1218 521 1255 syrus
544 1202 727 1251 dixisse,
761 1217 861 1256 quas
882 1207 1011 1258 vulgo
1034 1204 1302 1243 nominarent
1323 1217 1484 1256 scopas,
1514 1217 1595 1243 vo·-

168 1261 227 1299 cis
247 1259 468 1298 notatione
487 1272 509 1297 a
532 1258 703 1298 Graecis
723 1268 873 1310 tracta,
902 1258 985 1300 οἷπό
1003 1261 1070 1301 τοῦ
1091 1257 1237 1312 σύρειν.
1266 1269 1308 1299 et
1337 1259 1381 1297 in
1400 1272 1486 1299 eam
1509 1273 1593 1299 rem

173 1317 378 1356 Varronis
393 1314 530 1353 utitur
551 1314 819 1365 testimonio,
852 1315 924 1368 qui
942 1316 1142 1368 scriptum
1167 1314 1385 1368 reliquerit
1405 1314 1450 1352 in
1475 1317 1595 1353 Mar·

167 1375 327 1422 cipere:
356 1369 685 1426 seeumferentee
707 1372 892 1423 tegulas,
923 1385 1082 1419 ramos,
1115 1385 1242 1421 syrus.
1270 1383 1418 1410 vereor
1435 1383 1513 1425 ego
1532 1379 1594 1408 ta-

166 1441 259 1466 men
294 1439 346 1466 ne
371 1441 494 1464 sarua
525 1429 594 1465 vel
626 1440 740 1464 satos
772 1427 900 1465 fuerit
925 1427 969 1465 in
995 1428 1203 1471 Varrone.
1234 1439 1444 1480 pravaque
1473 1425 1592 1464 vocis

166 1483 282 1522 illius
302 1482 506 1533 scriptura
527 1480 738 1534 deceperit
755 1483 961 1528 Nonium.
991 1480 1103 1536 quod
1124 1481 1207 1534 ipsi
1226 1495 1311 1521 non
1337 1495 1430 1521 raro
1444 1479 1590 1521 -oonti-

165 1540 275 1594 gisse
311 1536 466 1577 eruditi
494 1536 577 1576 viri
611 1545 779 1578 norunt.
820 1547 1089 1576 veruntamen
1120 1538 1201 1576 hoo
1231 1551 1308 1592 ego
1330 1537 1471 1577 animo
1493 1550 1591 1590 per-

165 1594 297 1634 tinaci
321 1592 543 1633 defendere
567 1593 712 1634 nolim.
759 1594 898 1632 Partes
919 1603 1057 1632 autem
1079 1593 1170 1631 illas
1187 1591 1405 1632 evertendi
1423 1592 1591 1632 domum

163 1648 373 1704 θι,»ρωροῦ,
424 1662 498 1688 seu
529 1648 722 1687 ianitoris
755 1649 888 1688 fuisse
923 1658 1110 1703 apertum
1146 1658 1209 1688 est
1238 1663 1291 1688 ex
1318 1650 1504 1689 Polluce.
1548 1657 1591 1688 at

169 1707 461 1745 Onomasticon
481 1703 606 1744 habet
622 1705 854 1755 Scoparios,
886 1718 990 1758 quos
1012 1705 1167 1744 Graece
1194 1703 1376 1759 σαρωτᾰς
1402 1704 1591 1772 exponit.

165 1762 236 1802 sed
260 1761 407 1800 herum
430 1770 493 1801 est
512 1760 626 1801 satis.
658 1758 923 1812 Sequebatur
944 1760 987 1798 in
1009 1758 1186 1810 Polluce,
1215 1760 1242 1809 ἤ
1261 1759 1400 1815 χρῆσις
1418 1776 1494 1813 γαρ
1511 1757 1593 1803 eino*

162 1819 233 1860 τοῦ
257 1821 388 1872 σαροῖ·
429 1817 532 1855 bene
558 1815 682 1855 MSS.
721 1811 806 1858 eino*
838 1817 910 1866 τῆς
943 1816 1041 1858 ἅλω.
1098 1817 1416 1868 Falckenburgii
1448 1815 1592 1857 Codex

163 1875 316 1921 ἅλωνος
347 1873 391 1909 ἰη
422 1871 598 1911 eundem
629 1884 818 1923 sensum3
854 1871 898 1910 id
931 1872 1075 1925 itaque
1108 1885 1199 1910 oum
1229 1872 1417 1910 Kuelznio
1452 1872 1589 1911 textui

162 1929 434 1970 reddidimus.
475 1926 575 1965 hinc
597 1940 694 1967 vero
723 1928 928 1966 rationem
964 1927 1151 1977 haurias,
1182 1936 1476 1981 quampropter
1497 1941 1589 1980 σαρ-

161 1984 238 2041 μὸν
256 1983 487 2035 Hesychius
506 1982 704 2035 quosdam
736 1997 947 2035 exponere
964 1982 1120 2022 dixerit
1135 1982 1278 2038 χόρτον
1291 1995 1300 2004 ·
1330 1991 1417 2022 tum
1436 1983 1522 2022 fuit
1542 1983 1588 2021 iu

161 2041 287 2083 editis
304 2040 370 2082 ἐπὶ
388 2039 459 2088 τῆς
477 2040 637 2087 οἰκείας,
661 2040 778 2076 male.

273 2091 483 2150 κᾷκεῖνον]
522 2094 616 2134 MS.
649 2093 773 2132 etiam
798 2092 992 2147 κᾴκεῖνον.
1026 2094 1097 2134 sed
1125 2095 1298 2135 omnino
1327 2093 1588 2135 scribendum

160 2162 265 2207 puto
286 2147 463 2205 κᾷκεῖνο,
507 2149 669 2188 scilicet
696 2146 745 2190 to*
773 2147 951 2200 κόρημα,
986 2150 1098 2204 quod
1129 2161 1171 2190 et
1200 2150 1439 2206 κάλλυντρον
1468 2149 1588 2189 dixe-

159 2210 230 2248 rit.
288 2207 344 2248 Id
359 2208 575 2253 nimirum,
607 2205 689 2253 ait,
721 2207 847 2242 etiam
870 2204 991 2258 σάρον
1020 2209 1161 2245 vocari
1182 2207 1287 2258 quid
1298 2205 1518 2258 prohibet?
1547 2207 1588 2243 εἰ

160 2268 295 2317 ipsum
317 2266 534 2301 ianitorem
547 2262 700 2315 σαίρειν
721 2260 848 2298 dicis:
881 2264 1033 2299 clarum
1055 2276 1107 2301 ex
1129 2261 1420 2316 sequentibus:
1451 2260 1586 2315 ὥσπερ

158 2322 226 2362 καὶ
249 2316 472 2373 μυλήκορον
491 2318 538 2358 ἄν
558 2334 618 2365 τις
635 2313 732 2358 αὐτό
749 2316 933 2357 καλέσειε.
964 2316 1033 2354 Sic
1053 2316 1182 2366 enim,
1213 2326 1260 2355 ut
1278 2316 1418 2355 statim
1435 2315 1584 2367 dicam,

159 2376 220 2414 ibi
252 2385 362 2415 recte
390 2375 486 2413 MS.
517 2382 558 2413 et
586 2372 668 2411 hoo
695 2367 818 2422 σοι’ρον
853 2370 1017 2409 Atticos
1043 2370 1180 2410 dicere
1211 2371 1387 2426 negabat
1406 2373 1592 2424 Phryni-

158 2433 285 2480 chus,
318 2440 365 2468 ut
386 2431 513 2483 paulo
536 2437 655 2468 antea
675 2426 813 2466 retuli.
855 2429 1009 2464 clarum
1042 2435 1084 2466 et
1115 2440 1166 2465 ex
1193 2428 1344 2465 Nostro
1362 2441 1485 2480 supra
1509 2427 1585 2478 VI,

158 2491 222 2542 94.
253 2486 326 2525 ubi
353 2486 543 2538 σαιρέτω,
575 2493 617 2524 et
644 2482 783 2522 statim
814 2481 949 2536 σοι’ρον.
991 2481 1114 2520 verba
1143 2492 1280 2521 tamen
1301 2483 1440 2521 statim
1460 2481 1584 2532 addo,

157 2543 193 2582 si
213 2542 329 2594 prius
353 2541 487 2580 dicam
508 2540 756 2593 Hesychium
775 2537 895 2577 nobis
922 2536 1058 2576 dicere
1080 2536 1185 2576 illud
1206 2535 1327 2592 σάρον
1347 2537 1591 2591 Βγεοηιίο-

155 2612 246 2637 rum
282 2611 392 2638 esse:
432 2593 590 2651 Σᾶρον,
620 2591 832 2650 κάλυντρον
861 2589 1086 2643 Βυζάντιοι.
1145 2593 1202 2632 Et
1234 2593 1395 2634 statim:
1438 2592 1584 2647 Σαρός,
