1690 2996
233 155 339 197 1118
847 152 926 193 lx.
979 154 1046 199 95.

232 263 427 302 nimirum
458 269 625 312 omnes}
659 262 812 317 quibus
833 273 876 304 et
906 265 1183 318 Tiraqueuum
1211 262 1264 304 ad
1289 265 1572 306 Alexandrum
1596 263 1647 304 ab

231 318 470 359 Alexandro
497 318 759 369 adnumeres,
798 319 882 359 sibi
918 334 1156 374 persuasum
1189 319 1391 370 habuere,
1442 336 1529 361 non
1559 321 1646 361 alio

233 389 351 429 quam
381 374 462 414 hoc
483 376 673 415 Pollucis
695 376 828 415 nostri
861 379 1158 415 commaculata
1183 378 1278 416 loco
1303 376 1415 427 nixi,
1445 377 1651 416 unionem

234 430 344 468 inter
370 429 503 469 iactus
532 429 690 470 dictum
714 431 844 471 fuisse
869 445 892 471 a
914 432 1083 471 Graecis
1110 431 1220 474 ὄνον
1251 430 1322 471 sed
1343 431 1446 472 istos
1467 431 1653 496 quidem,

235 485 421 525 acerbius
459 487 675 540 quamvis,
711 486 850 527 asinos
879 500 966 527 esse
990 486 1244 541 pronunciat
1276 488 1533 535 Salmasius,
1579 485 1654 540 qui

235 542 328 584 ὄνον
362 541 406 579 in
433 543 627 581 Pollae-eo
659 545 754 582 loco
781 541 1005 582 defendere
1037 543 1181 584 velint.
1222 552 1264 583 et
1290 541 1468 595 pressius
1492 541 1656 581 adhuc-

235 596 331 636 dum
360 597 535 637 Thomas
565 597 709 651 Hyde:
745 598 827 649 Qui
851 600 960 637 enim
991 601 1192 638 unitatem
1223 600 1352 637 etiam
1379 601 1543 638 asinum
1571 598 1657 636 dios·

234 654 494 701 existimant,
526 663 690 702 errant,
720 663 759 692 et
787 654 984 705 ipsi‘sunt
1009 656 1147 693 asini.-
1183 668 1280 693 nam
1308 656 1353 693 in
1381 654 1539 694 tesseris
1566 653 1655 702 ὄνος

233 708 339 747 idem
366 708 478 761 quod
495 711 602 760 οἴνη,
632 712 678 748 in
703 711 802 748 talis
832 706 938 751 κύων
961 709 1126 749 dietue:
1156 708 1310 749 dixisse
1331 709 1474 763 potius
1497 708 1655 749 debue-

234 774 298 803 rat
323 767 450 813 oi'uoc·
479 779 572 803 nam
603 764 728 804 nihili
759 779 841 804 vox
870 774 933 804 est
962 764 1005 802 in
1033 764 1110 803 hac
1139 764 1304 813 ῐοὸνος,
1350 778 1455 817 quae
1485 777 1655 817 quoque

235 819 454 872 deceptum
482 819 631 860 habuit
665 820 867 873 optimum
902 820 1119 858 Schottum
1149 819 1199 859 ad
1226 819 1393 859 Zenobia·
1419 819 1653 868 Ρνονενόἰα,

235 874 307 913 ubi
337 874 466 914 cubos
495 889 584 915 esse
613 875 792 914 uniones
820 874 932 923 ὄνους
958 883 1104 914 testem
1139 873 1275 914 adfert
1294 876 1513 923 Pollucem,
1542 873 1656 929 apud

236 944 356 983 quem
377 931 504 994 οἴνους
521 930 675 970 vitiose
695 931 750 969 sit
769 929 927 969 editum
946 944 1030 969 non
1053 932 1188 972 semel.
1225 929 1356 970 sedin
1379 930 1539 970 Polluce
1554 940 1655 982 tam,

236 1000 357 1039 quam
382 986 426 1023 in
450 986 623 1024 Zenobio
641 984 904 1025 retinendum
922 987 1040 1036 οἶνος,
1067 999 1206 1035 oenus,
1238 999 1367 1026 unusz
1395 994 1436 1030 er
1459 999 1557 1026 vero
1579 985 1656 1040 qui

235 1040 344 1079 hanc
363 1040 518 1092 primus
542 1042 717 1081 senserit
746 1042 1019 1092 sententiam,
1053 1040 1183 1080 fuisse
1205 1042 1553 1093 Iungamur-annum
1574 1055 1657 1080 no-

236 1106 365 1140 strum
395 1095 614 1149 existimo,
646 1097 721 1150 qui
752 1096 804 1136 ad
836 1095 988 1135 librum
1018 1096 1125 1146 VII,
1162 1094 1254 1138 204.
1283 1095 1400 1136 illum
1425 1097 1470 1135 iu
1492 1095 1657 1137 tesseris

235 1152 329 1194 ὄνον
364 1150 415 1190 ad
451 1152 591 1192 asinos
630 1152 878 1194 eliminavit.
943 1152 1042 1191 Non
1071 1150 1263 1205 equidem
1290 1150 1402 1205 apud
1429 1152 1657 1203 Romanos,

236 1221 341 1262 quos
364 1207 499 1247 tamen
521 1207 565 1246 in
589 1207 653 1247 bis
673 1207 826 1246 talibus
852 1207 960 1247 belle
983 1208 1151 1247 Graecis
1171 1221 1398 1262 congruere
1416 1221 1467 1248 ex
1487 1207 1657 1261 Hydaeo

238 1264 344 1302 scire
371 1272 518 1316 potes,
549 1263 686 1303 simile
705 1263 938 1328 ‘quicquam
970 1272 1097 1302 extat.
1155 1262 1271 1302 Inter
1289 1263 1535 1316 Europaeos
1561 1262 1660 1317 qui-

240 1318 355 1371 dem,
396 1319 546 1371 Belgas
579 1318 802 1372 praecipue
832 1327 874 1358 et
904 1320 1129 1359 Germanos
1158 1317 1336 1358 uniones
1367 1319 1550 1358 iactuum
1583 1332 1658 1358 sen

236 1373 403 1427 μονάδες
424 1372 509 1412 dici
537 1377 695 1422 solent,
726 1375 886 1426 OEgelss,
918 1374 1055 1439 quod,
1083 1375 1118 1412 si
1139 1372 1240 1437 quid
1259 1371 1396 1424 aliud,
1426 1374 1658 1414 auctorita·

235 1440 317 1469 tem
350 1430 530 1483 aliquam
561 1444 703 1470 eorum
736 1429 954 1482 opinioni,
987 1430 1060 1483 qui
1087 1429 1178 1478 ὄνος
1200 1426 1246 1468 iu
1271 1429 1439 1469 Graecis
1462 1443 1538 1494 pro
1562 1429 1661 1485 oiuq'i'

237 1494 406 1534 tenent,
441 1479 698 1524 conciliaret.
737 1484 808 1524 sed
840 1499 904 1525 me
935 1484 1103 1550 quidem
1134 1483 1300 1535 iudice,
1339 1498 1426 1524 non
1460 1484 1582 1524 aliam
1611 1485 1626 1524 i

237 1539 421 1579 nominis
438 1539 562 1580 habet
582 1540 784 1605 originem
805 1554 926 1595 quam
951 1541 1115 1580 illorum
1138 1539 1354 1581 hominum
1372 1554 1563 1591 errorem,
1584 1536 1656 1595 qu*

239 1597 330 1638 ὄνον
357 1596 415 1634 ita
439 1596 608 1636 Graecis
640 1595 839 1635 unionem
869 1596 954 1636 dici
985 1595 1218 1637 censebant.
1276 1596 1432 1636 Exulet
1461 1594 1604 1649 itaque

237 1651 340 1691 ludo
370 1651 587 1691 tesserario
626 1651 893 1709 iactuumque
933 1651 1174 1692 nominibus
1215 1650 1522 1691 commentitius
1553 1651 1644 1700 ὄνος

239 1707 319 1747 Sed
343 1707 491 1747 addere
516 1707 636 1746 lubet
654 1706 724 1746 bic
742 1710 836 1747 loco
855 1722 940 1747 non
972 1705 1236 1746 incommodo
1259 1706 1308 1747 de
1323 1706 1502 1747 Pollucis
1522 1706 1633 1747 verb'

238 1762 469 1813 V11,204.
514 1776 621 1816 quae
639 1791 650 1808 .
677 1763 797 1827 ‘quod
819 1763 989 1816 proprio
1012 1762 1093 1803 sibi
1115 1765 1212 1803 loco
1232 1776 1317 1801 nou
1338 1761 1562 1816 posuerim,
1591 1763 1613 1802 f

239 1818 413 1857 stinatio
444 1818 623 1870 praeped
630 1819 732 1866 ivit,-
769 1821 1000 1858 Pantinum
1028 1818 1190 1857 scilicet
1213 1817 1424 1857 hominem
1449 1817 1615 1856 eruditu

240 1873 290 1911 ad
315 1875 527 1925 Apo-stolii
554 1873 807 1913 paroemiam
842 1876 936 1926 Τρὶς
953 1877 1016 1924 ἓξ,
1046 1873 1156 1912 hanc
1183 1875 1306 1913 talem
1336 1872 1578 1923 scripturam
1606 1887 1629 1913 e

240 1928 397 1968 Codice
418 1929 604 1967 Pollucis
620 1929 716 1970 MS.
749 1944 868 1999 quem
888 1927 1112 1984 aliquando
1133 1929 1338 1997 Demetrii
1361 1927 1612 1981 Chalcondyl
1648 1926 1649 1929 ¹

238 1984 372 2023 fuisse
396 1984 475 2035 ait,
505 1983 728 2024 adnotare:
768 1983 944 2029 ἔκδύνων
970 1986 1036 2027 καὶ
1057 1984 1160 2035 Χιῆ,
1197 1982 1243 2026 ὃν
1264 1984 1447 2027 καὶΚῖον
1471 1982 1635 2028 ἐκάλουν

239 2038 322 2081 ἔστι
340 2042 383 2082 δὲ
402 2043 470 2082 καὶ
486 2056 614 2092 μονας
632 2050 709 2082 etc,
742 2041 907 2080 omissis
935 2041 1026 2080 istis
1052 2043 1120 2082 και
1136 2038 1243 2082 οἶνον
1257 2043 1324 2082 καῖ
1346 2042 1478 2089 οἰνην,
1509 2039 1637 2104 quibu

240 2104 375 2135 tamen
397 2109 480 2134 non
510 2095 691 2135 libenter
719 2110 896 2145 caream,
925 2105 975 2135 ut
1003 2095 1054 2135 ad
1085 2110 1176 2135 eum
1199 2098 1337 2134 locum
1357 2103 1421 2134 est
1440 2094 1645 2134 monitum

348 2145 612 2205 προμηνύειν]
646 2148 1186 2205 Salmasias1.c.p›2vvm
1204 2153 1271 2191 vel
1289 2143 1588 2205 dungarvan-⁹

240 2207 437 2249 indicare.
494 2207 691 2248 Ktmrm.

345 2260 622 2317 προμηνύειν]
661 2263 754 2302 MS.
784 2257 973 2316 μηνυειν·
1002 2275 1089 2301 uon
1118 2258 1380 2316 προμηνυειν”
1407 2271 1449 2302 et
1467 2275 1540 2301 cur
1559 2275 1607 2303 us

243 2319 371 2358 fuerit
413 2319 646 2372 composito
679 2318 793 2358 isto?
841 2333 967 2372 quum
1002 2317 1180 2370 simplex
1216 2317 1372 2358 rectius
1407 2315 1627 2358 sententia'

243 2375 439 2428 explicet,
470 2373 581 2443 qupd
602 2373 744 2425 itaque
767 2388 967 2425 reponere
989 2389 1040 2414 ex
1061 2374 1156 2415 MS.
1187 2386 1420 2440 possumus,
1475 2373 1605 2418 Iuno.
1634 2373 1638 2376 ’

351 2427 622 2484 προμηνύειν]
662 2429 767 2469 Cum
799 2431 924 2470 MSS.
956 2438 1093 2469 textus
1125 2428 1251 2469 habet
1278 2443 1461 2481 μηνυειν·
1500 2437 1542 2468 et
1570 2442 1592 2468 e

244 2498 410 2539 quoque
429 2485 649 2525 lectionem
678 2485 883 2536 placuisse
905 2485 1109 2523 salmasio
1134 2484 1342 2538 superiori
1369 2494 1468 2524 nota
1490 2483 1639 2526 dictu-

243 2540 293 2578 In
323 2541 702 2593 I'alckenburgiano
729 2540 886 2580 Codice
925 2539 1026 2594 quid
1053 2540 1108 2580 sit
1134 2539 1311 2581 rationis
1341 2554 1412 2580 cur
1449 2553 1526 2594 pro
1555 2537 1642 2586 ἕοηι

244 2596 426 2649 positum
447 2597 644 2650 reperiam
665 2599 807 2651 εἴρηκε,
838 2610 924 2635 non
942 2595 1080 2639 video.
