1656 2976
689 140 742 184 X.
802 145 896 186 179.
1392 147 1499 188 1849

70 255 399 309 langen-mannus
418 262 559 296 noster
577 252 699 292 aliam
721 253 894 294 istorum
923 250 1150 308 κοριάννων
1168 253 1493 309 explicationem

73 312 236 353 dedisse
255 325 305 352 ex
325 311 548 362 Hesychia:
582 312 826 363 Κορίαννον,
840 307 884 352 τὰ
901 307 1054 362 κόριον,
1082 312 1150 353 καὶ
1166 316 1494 364 γυναικεῖονκοσ-

71 364 232 422 μόριον,
258 363 422 420 χρόνος·
452 364 521 405 sed
542 363 618 404 hac
639 364 806 419 quidem
829 364 874 404 in
893 379 937 404 re
954 378 1041 404 nou
1062 378 1169 418 opus
1187 375 1250 406 est
1270 366 1495 408 utlabore-

71 437 177 472 mus,
205 436 298 463 cum
320 420 553 461 dubitabile
570 433 656 460 nou
688 420 745 459 sit
765 419 879 459 illam
898 420 1170 461 eruditissimi
1196 421 1495 474 langermanni

73 475 403 518 emendationem
428 489 514 515 uon
544 473 781 528 procedere.
816 478 967 514 ‘veram
995 475 1315 529 inscriptionem
1347 477 1492 518 iudico

73 530 299 587 Κοριαννώ.
354 533 564 571 Memmius
586 530 629 570 iu
650 531 807 570 Attica
829 531 1096 570 Bibliotheca
1116 530 1266 571 scribit
1284 532 1492 586 Κοριανῶ·

73 587 185 644 apud
210 588 466 629 Athenaeum
491 595 648 636 tamen,
685 584 799 638 quod
831 585 916 639 ipsi
946 588 1075 626 latere
1096 600 1181 626 non
1204 588 1368 640 potuit,
1401 589 1495 630 frc-

71 642 343 700 quentissime
377 641 590 695 Κοριαννώ
615 639 828 680 scribitur.
877 641 1031 680 Suidas
1070 642 1218 682 etiamr
1257 646 1494 696 Κορίαννοι,

69 695 554 807 affuturam·
581 695 1494 794 imme,⁵:5³,225125552‘552252b3333

70 809 152 851 uile
171 818 232 848 est
248 808 588 849 animadvertere.
620 806 882 848 scribendum
904 808 1029 855 euim,
1059 807 1097 847 si
1122 809 1225 862 quid
1243 808 1384 861 video,
1414 815 1496 854 Κο-

69 863 241 917 ριαννοῖ·
268 866 417 906 venem
435 862 628 917 equidem
647 863 814 917 planius
832 862 1006 903 suidam
1025 861 1268 915 declarasse,
1282 866 1494 919 quomodo

69 922 128 960 sit
145 921 217 961 illa
239 933 322 960 vox
342 917 629 973 intelligenda.
684 918 883 958 Aemilius
901 918 1052 959 Portus
1078 918 1223 959 itidem
1244 920 1296 960 ad
1318 923 1496 963 Suidam

71 974 127 1015 de
149 971 376 1028 κοριάννοις
403 973 555 1015 herbae
587 987 736 1028 genere
762 973 987 1028 cogitavit,
1019 973 1133 1028 quod
1154 983 1291 1016 tamen
1313 978 1494 1017 alienum

71 1044 160 1071 esse
178 1029 278 1070 satis
295 1039 360 1070 est
379 1029 661 1071 manifestum.
679 1042 758 1083 ego
775 1041 936 1081 semper
953 1028 1136 1069 animum
1153 1029 1318 1083 induxi,
1339 1041 1388 1071 ut
1405 1047 1496 1073 crc-

73 1085 234 1132 derern,
263 1085 491 1126 meretricis
511 1083 724 1124 cuiusdam
746 1092 846 1123 tuno
863 1085 1062 1138 temporis
1080 1085 1322 1127 notissimae
1341 1100 1495 1129 nomen

73 1154 162 1181 esse
181 1139 411 1195 Κοριαννώ,
440 1149 488 1180 ut
505 1137 760 1194 Σαλαβακχώ,
790 1153 812 1178 a
835 1153 919 1192 quo
941 1139 1110 1179 titulum
1130 1140 1299 1181 fabulae
1316 1151 1357 1183 et
1375 1158 1495 1198 argu·

71 1206 255 1238 mentum
278 1195 523 1236 deminuerit
538 1195 811 1237 Pherecrates.
840 1195 901 1234 ita
926 1195 1054 1234 Thais
1072 1197 1297 1237 Menandri
1315 1209 1413 1238 nota
1432 1209 1496 1239 est

72 1260 115 1292 et
135 1252 303 1292 Diocli·
326 1252 540 1302 Thalaua,
571 1251 760 1305 aliaeque
778 1249 978 1304 plurimae
997 1249 1179 1303 fabulae,
1206 1267 1311 1307 quae
1330 1268 1352 1293 a
1365 1269 1495 1295 mere-

71 1306 248 1347 tricibus
271 1305 428 1347 habent
444 1320 611 1347 nomen.
670 1307 727 1345 Et
748 1304 986 1345 dubitamus
1006 1305 1167 1355 adhuc,
1199 1321 1291 1347 cum
1312 1310 1494 1350 certissi-

70 1375 139 1403 mo
150 1363 360 1402 Athenaei
374 1361 620 1403 testimonio
636 1360 734 1403 libr.
754 1360 880 1405 XIII.
905 1358 1009 1400 baeu
1026 1362 1175 1415 opinio
1191 1377 1279 1403 mea
1303 1364 1495 1404 nitatur?

71 1417 149 1459 ubi
166 1417 492 1472 Dipaoaophisea
506 1416 616 1458 iuter
637 1418 738 1456 alias
763 1415 944 1468 fabulas,
975 1429 1082 1470 quae
1106 1417 1276 1458 titulum
1304 1428 1346 1459 et
1367 1434 1496 1474 argu-

4 1484 6 1487 ·
73 1483 255 1514 mentum
288 1471 523 1514 babuerunt
551 1486 575 1511 a
606 1471 914 1521 meretricibus,
951 1470 1062 1512 hano
1086 1472 1212 1513 etiam
1230 1475 1497 1515 Pherecratio

73 1528 208 1568 nostri
223 1528 436 1568 Cori-nno
458 1536 682 1568 enumerat.
743 1526 894 1566 Comici
910 1528 1025 1581 ῥῆσιν
1039 1528 1195 1571 eMSS.
1217 1537 1358 1570 textus
1382 1545 1495 1571 acce-

0 1592 1 1595 ’
73 1583 140 1637 pit
166 1581 503 1623 emendatiorem.
543 1581 795 1636 vulgabatur
815 1582 928 1622 enim
954 1583 1067 1624 ἔσοιτο
1082 1591 1127 1623 et
1146 1583 1355 1636 κωρύκας,
1386 1599 1495 1640 quae

75 1637 279 1691 scriptura
300 1645 350 1676 ut
367 1647 482 1677 recto
510 1650 634 1676 sensu
657 1635 832 1686 carebat,
862 1637 924 1677 sic
944 1636 1054 1676 hano
1075 1651 1098 1676 a
1114 1637 1237 1678 uobis
1256 1642 1494 1680 restitutam

73 1692 336 1747 perspicuam
355 1706 444 1733 esse
465 1702 506 1732 et
523 1694 672 1731 claram
686 1691 826 1746 quivis
842 1692 970 1732 facile
987 1690 1114 1732 videt.
1145 1692 1216 1734 sed
1230 1695 1495 1748 langerman-

47 1742 53 1749 “
75 1761 125 1787 no
140 1757 276 1788 tamen
299 1761 385 1788 uon
405 1747 573 1801 penitus
584 1746 788 1787 assentior
806 1748 1052 1800 exponenti,
1077 1761 1349 1802 quemquepro
1360 1751 1496 1802 sefar-

76 1805 178 1843 aisse
194 1810 234 1842 et
248 1804 435 1855 implesse
450 1817 578 1852 vasa,
607 1803 766 1852 coia-ae,
795 1816 967 1855 corycus.
1004 1816 1090 1842 nou
1120 1803 1308 1859 equidem
1333 1804 1495 1851 inficias

76 1872 128 1899 eo
152 1871 240 1899 eam
261 1857 617 1914 significationem
634 1856 810 1898 attribui
827 1871 952 1912 posse
966 1862 1022 1916 τῷ
1034 1857 1205 1900 σᾶττειν·
1236 1860 1310 1901 sed
1326 1863 1495 1901 alteram

76 1915 209 1964 forte,
265 1928 316 1954 ua
334 1912 566 1969 significat,
596 1915 790 1952 iumentis
807 1907 930 1953 omia
950 1923 992 1954 et
1012 1915 1186 1954 clitellas
1203 1916 1406 1969 imponere
1426 1916 1496 1957 hio

76 1929 396 2011 commodiorem
408 1982 496 2009 esse
516 1968 611 2022 quis
631 1981 716 2009 non
728 1968 820 2009 sine
838 1967 1003 2008 ratione
1021 1969 1246 2011 existimet.
1276 1969 1496 2012 arbitrium

67 2033 166 2067 ‚esto
196 2037 326 2080 penes
353 2027 563 2066 lectorem.
606 2022 815 2079 κωρύκους
840 2033 953 2064 recte
975 2024 1100 2065 MSS.
1119 2022 1252 2078 κώρυξ
1283 2027 1416 2076 enim,
1449 2036 1498 2066 ut

76 2078 242 2137 quidem
266 2079 434 2134 opinor,
460 2078 619 2120 nemIni
640 2079 724 2120 fuit
742 2093 924 2135 unquam
941 2081 1109 2122 lectum.
1146 2081 1327 2134 κώρυκος
1346 2082 1404 2121 ita
1424 2095 1498 2134 per

79 2152 111 2181 ω
130 2145 180 2176 ut
204 2135 429 2190 plurimum
453 2133 579 2175 scribi
599 2137 730 2183 δοιοῖς
773 2135 931 2175 Suidas
952 2143 1089 2175 tamen
1108 2149 1184 2176 suo
1203 2139 1300 2176 loco
1321 2146 1362 2175 et
1379 2137 1496 2176 ordi-

78 2205 132 2232 ne
159 2189 330 2247 κόρυκος
344 2189 485 2242 habet,
514 2200 555 2230 et
578 2203 636 2230 ex
656 2200 823 2234 vetusto
848 2189 1029 2246 quodam
1048 2194 1372 2232 auctorelocum
1396 2206 1496 2245 pro-

80 2245 210 2298 ducit,
231 2245 304 2286 ubi
316 2259 461 2285 aurum
479 2259 503 2286 e
521 2245 682 2299 corycis
694 2245 870 2285 effusum
885 2259 973 2286 esse
983 2256 1185 2286 narratur.
1217 2246 1320 2299 quin
1334 2255 1375 2285 et
1384 2246 1496 2299 apud.

79 2301 327 2357 Enyo-Itium
342 2295 523 2354 κάρυκος
541 2310 657 2343 extat
675 2300 786 2342 inter
811 2302 903 2341 illas
925 2314 1048 2341 voces
1062 2333 1074 2351 ,
1105 2314 1213 2355 quae
1238 2301 1454 2355 incipiunt
1474 2316 1497 2344 a

82 2361 143 2401 Ko
153 2374 169 2410 ς
193 2355 307 2412 quod
338 2356 498 2396 indicio
526 2365 590 2395 est
608 2355 803 2410 κόρυκος,
830 2365 880 2396 ut
907 2365 950 2396 et
983 2357 1218 2395 Salmasius
1242 2356 1499 2405 emendavit,

82 2410 228 2454 debere
255 2411 393 2452 scribi.
450 2410 655 2464 Sequitur
676 2411 821 2451 ultima
838 2416 975 2466 χρῆσις
989 2411 1280 2464 Αηιίρῇαηίο,
1306 2425 1412 2466 quae
1431 2414 1499 2452 lu-

82 2465 174 2508 cide
192 2466 384 2520 declarat,
415 2467 517 2521 quid
541 2467 668 2506 fuerit
690 2467 789 2509 olim
809 2469 894 2516 κόῖξ
908 2482 917 2491 ·
941 2470 1080 2518 σαφῶς
1098 2467 1138 2508 δὲ
1153 2464 1250 2511 αὐτό
1263 2481 1273 2491 ·
1302 2481 1406 2522 quae
1423 2481 1498 2521 po-

85 2521 234 2562 sterior
249 2525 397 2562 vocula
419 2523 590 2562 accessit
607 2523 762 2562 eMSS.
783 2521 948 2561 fabulae
970 2523 1119 2566 titulus
1138 2522 1182 2561 in
1203 2521 1397 2561 editisita
1410 2532 1501 2562 erat

85 2586 299 2625 exaratus:
330 2578 371 2619 ἐν
396 2580 648 2634 Βομβυκίοις.
686 2573 807 2621 MSS.
830 2578 939 2617 nihil
964 2576 1079 2617 aliud
1106 2577 1188 2615 nisi
1207 2577 1380 2617 formam
1403 2581 1500 2631 plu·

126 2653 248 2688 Pollux
273 2653 350 2688 Vol.
377 2657 421 2688 V.
1021 2644 1054 2684 Β
1070 2643 1094 2681 b
1105 2642 1129 2681 b
1141 2642 1198 2681 bb
1211 2642 1237 2680 b
