1656 2976
661 99 664 101 ’
723 126 776 169 x.
834 132 924 172 188.
1438 129 1541 170 1877

130 256 222 283 nem
238 241 306 282 vel
324 238 452 280 macie
469 246 708 292 corruptum
732 246 777 278 et
797 246 954 279 tetrum*
968 240 1034 278 vel
1059 233 1543 291 paupetrimum'paxillo

130 312 214 338 seu
212 299 340 337 clavo
357 308 589 348 comparare
605 297 805 344 solemus3
830 293 943 347 quod
964 293 1067 332 huic
1079 294 1140 331 rei
1158 302 1407 333 momentum
1428 293 1543 332 facit.

132 367 185 392 an
214 365 295 405 qua
322 349 630 404 probabilitatis
662 348 801 401 specie
830 357 970 387 nostra
994 362 1038 387 se
1065 349 1303 387 coniectura
1335 361 1544 388 commen-'-

131 407 203 447 det
231 406 346 446 docti
371 406 539 445 lectoris
574 403 775 443 iudicium
806 404 932 442 facio.
1000 403 1077 443 Sed
1108 404 1208 442 satis
1232 413 1294 443 est
1321 404 1442 442 istius
1468 403 1541 444 rei.

130 461 201 505 Ἐν
219 463 263 504 δὲ
280 461 331 518 τῇ
349 461 421 503 τοῦ
436 458 512 502 veni
537 458 692 507 ποιήσει
711 458 867 498 editum
891 459 977 498 fuit
998 468 1094 496 ante
1117 472 1222 507 noS,
1255 473 1344 497 cum
1374 473 1469 498 vera
1489 458 1543 498 sit

130 517 330 570 scriptura
350 515 457 570 γοῦν.
496 529 594 554 mox
615 511 924 567 Ἀπολλόδωρος,
954 515 990 553 si
1012 514 1136 554 MSS.
1171 514 1452 568 obsequamur,
1484 523 1545 553 est

130 570 406 620 reficiendus,
444 585 536 609 cum
566 570 630 609 illi
657 583 755 623 prae
782 583 826 609 se
854 571 990 610 ferant
1017 566 1238 621 Θεόδωρος·
1272 570 1382 608 sed
1371 584 1415 607 in
1442 569 1544 623 ipsis

133 628 227 666 istis
245 625 476 666 Codicibus
498 626 685 677 antiquis
706 635 841 664 tamen
858 628 1024 678 vulgata
1045 624 1171 664 lectio
1197 634 1258 664 est
1286 625 1330 663 in
1363 625 1546 678 margine

133 681 342 722 adnotata.
371 691 414 722 et
433 695 531 720 sane
552 679 775 720 difficulter
793 680 887 734 quis
907 679 1128 728 discernat,
1157 693 1260 733 quae
1278 681 1405 719 lectio
1427 679 1545 719 alteri

131 738 192 777 sit·
204 736 509 790 anteponenda.
537 736 808 788 Apollodorus
834 736 943 775 enim
965 735 1120 775 nobilis
1140 734 1390 774 architectus
1407 735 1546 775 Adra·-

131 795 207 832 am'
232 790 417 833 Caesaris
453 800 586 832 aetate
621 791 782 846 viguit,
831 791 950 830 cuius
987 791 1091 830 facit
1119 791 1374 830 mentionem
1398 791 1546 830 Aelius

133 849 344 900 Spar-tion.
375 848 420 886 in
441 848 646 898 Adriano,
673 846 723 886 ad
741 860 919 901 eumque
939 847 1118 900 Magnus
1143 846 1406 885 casaubonus
1429 854 1546 885 notat

133 905 310 942 Dionem
340 901 393 942 de
425 916 474 942 eo
503 905 631 941 multa
663 916 839 942 narrare.
880 902 983 955 quin
1015 902 1138 940 etiam
1160 902 1404 952 Apollodori
1422 901 1547 941 Com-

132 958 356 998 mentarius
386 966 506 996 extat
531 956 582 997 de
609 956 902 1011 oppugnandis
942 956 1134 1007 urbibus,
1193 971 1287 996 uem
1319 956 1430 996 inter
1453 959 1545 995 Me-

133 1014 328 1052 chanicos
356 1012 558 1052 Auctorea
586 1013 758 1051 Parisiis
795 1012 1030 1051 ediderunt.
1075 1014 1167 1064 Apo
1187 1012 1320 1049 [odori
1353 1011 1543 1050 statuarii

132 1067 474 1122 praestantissimi
506 1068 692 1108 meminit
724 1067 848 1107 etiam
874 1069 1039 1106 Plinius
1063 1067 1119 1107 H.
1146 1067 1203 1106 N.
1239 1067 1316 1109 lib.
1347 1067 1543 1106 XXXIV·

133 1138 224 1187 cap:
245 1122 285 1164 8.
315 1123 386 1163 sed
403 1122 526 1164 MSS.
558 1133 693 1162 tamen
715 1123 939 1162 lectionem
966 1124 1096 1175 longo
1114 1123 1335 1162 intervallo
1356 1125 1546 1176 vulgatae

133 1178 331 1218 antistare
354 1178 522 1224 iudico,
552 1188 600 1217 ut
623 1192 722 1217 mox
746 1177 979 1228 ostendam,
1010 1192 1100 1216 curn
1126 1178 1242 1230 prins
1274 1178 1545 1217 observavero

132 1233 314 1274 suaviter
331 1247 484 1273 errasse
501 1232 845 1286 lungo-mannum
863 1243 1048 1272 nostrum
1061 1260 1072 1282 ,
1106 1233 1178 1287 qui
1198 1233 1278 1272 sibi
1298 1233 1548 1286 persuaserit

131 1306 206 1338 την
228 1288 296 1330 τοῦ
311 1285 384 1330 uzal
403 1289 566 1353 ποίησιν
577 1266 775 1327 ῠῐεδιιΙειιη
804 1303 911 1338 esse,
941 1287 991 1327 de
1014 1289 1130 1327 cuius
1155 1298 1326 1328 auctore
1348 1303 1445 1328 vero
1467 1288 1546 1327 du-

133 1343 329 1384 bitaverit
358 1344 601 1396 antiquitas.
632 1357 716 1382 non
746 1344 803 1382 ita
837 1345 1025 1396 profecto
1051 1354 1127 1382 est.
1158 1344 1282 1382 Philo
1303 1353 1345 1384 et
1369 1344 1544 1382 Theodo-

133 1413 204 1442 rus
226 1398 441 1447 architecti
461 1401 632 1449 fuerunt
648 1398 840 1447 celebres,
871 1399 943 1452 qui
964 1399 1148 1450 pluribus
1170 1398 1366 1448 inventis,
1397 1398 1548 1453 quibus

132 1453 378 1494 aedificandi
405 1463 530 1494 artem
562 1454 728 1493 auxisse
757 1463 994 1499 narrantur,
1029 1455 1178 1492 famam
1199 1468 1311 1492 suam
1332 1454 1382 1493 ad
1410 1464 1549 1508 poste-

132 1523 200 1549 ros
226 1519 520 1564 propagarunt.
559 1510 751 1549 Philome
790 1510 945 1549 vixisse
979 1509 1197 1548 traduntur
1233 1510 1416 1562 plurimi.
1471 1524 1547 1564 ego

133 1564 425 1604 Atheniensem
457 1565 573 1602 illum
602 1564 785 1604 nobilem
817 1564 1088 1603 architectum
1121 1565 1338 1618 intelligo,
1371 1565 1489 1604 cuius
1507 1575 1547 1604 et

133 1620 350 1659 Ausonius
370 1619 413 1656 in
427 1620 605 1657 Mosella
624 1619 728 1657 fecit
744 1619 995 1658 mentionem
1015 1633 1053 1657 v.
1085 1619 1175 1661 502.
1232 1622 1328 1659 Non
1346 1621 1421 1658 hoo
1437 1634 1547 1672 sper-

136 1683 211 1713 nat
239 1688 338 1726 opus
373 1674 589 1726 Gortynius
619 1676 777 1725 aliger,
808 1675 918 1712 aedis
951 1674 1147 1712 Conditor
1172 1676 1399 1725 Euboicae,
1427 1690 1549 1714 casus

137 1730 416 1782 quemfingere
441 1732 487 1767 in
513 1744 616 1767 auro
642 1730 861 1767 Conantem
882 1731 1037 1767 Icarios
1054 1733 1170 1780 patri
1184 1733 1372 1782 pepulere
1389 1731 1545 1769 dolores.

134 1785 231 1825 Non
246 1785 372 1823 Plu‘lo
393 1783 622 1835 Cecropius,
651 1799 733 1822 non
759 1787 832 1835 qui
850 1785 1050 1823 laudatas
1067 1785 1120 1822 ab
1142 1786 1255 1824 hoste
1281 1787 1405 1824 Clara
1430 1787 1545 1838 Syra-

135 1842 234 1878 cosia·
260 1842 392 1879 traxit
419 1843 650 1878 certamina
677 1840 787 1883 belli.
846 1839 1225 1879 celebratissimum
1254 1840 1378 1879 huius
1406 1852 1468 1881 est
1485 1857 1548 1880 m·-⁸

135 1896 442 1934 momentarium
462 1894 664 1941 Athenis,
694 1894 807 1948 quod
825 1895 937 1935 mille
966 1895 1154 1947 capiebat
1175 1910 1320 1945 naves,
1349 1898 1550 1936 referente

135 1951 275 1989 Plinio
295 1950 350 1990 H.
378 1950 434 1990 N.
465 1950 537 1991 lib.
556 1951 652 1996 VII,
684 1949 748 2001 57.
778 1949 890 1988 hunc
906 1950 1027 1989 etiam
1051 1962 1249 1991 memorat
1271 1953 1408 1990 Cicero
1424 1953 1496 1992 lib.
1515 1954 1548 1991 I.

137 2004 188 2044 de
203 2005 319 2046 Orat.
349 2005 519 2058 aliique.
549 2005 622 2044 sed
639 2005 736 2044 vide
753 2006 939 2044 Doctiss.
971 2007 1162 2045 Vinetum
1179 2007 1230 2046 ad
1250 2010 1433 2046 Ausonii
1454 2010 1548 2046 Mo-

136 2061 290 2103 seuam.
346 2062 579 2113 Supersunt
605 2070 646 2099 et
663 2061 849 2100 Philonis
874 2060 944 2100 sed
965 2063 1156 2110 alterius,
1187 2063 1248 2100 uti
1273 2073 1400 2114 puto,
1423 2069 1550 2106 Bao-
1585 2075 1587 2077 ’

136 2115 290 2158 ποιϊκά·
318 2116 398 2156 etsi
431 2116 541 2154 enim
569 2115 790 2155 videantur
815 2115 895 2155 viri
925 2115 1195 2156 doctissimi
1184 2133 1227 2156 m
1251 2119 1361 2157 illam
1383 2128 1549 2159 senten-

137 2171 236 2211 tiam
255 2170 527 2225 propendere,
558 2171 731 2211 eundem
750 2185 835 2212 esse
855 2170 968 2210 hunc
990 2186 1081 2210 cum
1103 2172 1352 2212 Atheniensi
1372 2172 1552 2226 Philone,

137 2228 290 2266 multae
316 2235 450 2266 tamen
474 2236 573 2265 sunt
591 2225 813 2266 dubitandi
842 2241 1010 2276 causae,
1043 2241 1170 2280 quas,
1198 2238 1247 2268 ut
1269 2228 1455 2269 instituti
1474 2245 1550 2270 no-

139 2281 213 2320 stri
238 2281 436 2321 rationem
465 2281 658 2328 habeam,
686 2281 756 2320 hic
786 2295 872 2321 non
907 2283 1244 2326 commemorabo
1310 2285 1550 2325 Theodorum

139 2345 273 2376 autem
293 2350 412 2390 quem
436 2337 568 2376 fuisse
595 2336 811 2376 dicamus?
842 2336 952 2390 apud
973 2338 1230 2378 Pausaniam
1231 2339 1443 2407 equidem
1455 2345 1550 2393 ··plu

138 2391 219 2429 ties
235 2401 500 2432 memoratum
527 2390 698 2431 invenio
722 2393 968 2431 Theodorum
990 2393 1198 2443 Samium,
1227 2393 1272 2443 ὂς
1292 2411 1447 2446 πρωτος
1465 2399 1548 2438 δια-

138 2446 225 2499 χέαι
248 2449 407 2498 σίδηρον
435 2446 524 2499 εὗρε
548 2450 616 2488 και
642 2443 850 2501 α’γοῖλματα
875 2445 953 2488 οἷπ
977 2447 1102 2491 αὐτοῦ
1126 2447 1297 2492 πλάσαι·
1336 2453 1446 2490 inter
1471 2454 1548 2492 alia

138 2503 292 2540 Lacon.
324 2515 414 2556 cap.
442 2515 501 2542 12.
531 2502 682 2542 ibidem
714 2502 784 2541 hic
807 2503 1035 2541 Theodorus
1065 2507 1346 2545 construxisse
1367 2517 1553 2546 narratum

139 2555 535 2612 Scindem‚1ocum
572 2558 616 2598 in
646 2572 730 2613 quo
758 2557 1083 2600 Lacedaemonii
1118 2561 1288 2607 comitia
1329 2562 1549 2608 habebant,
