1690 2996
165 72 272 114 1664
743 78 746 80 ’
760 71 815 111 Χ
875 75 967 116 119.

166 177 424 232 cogitabam,
453 193 506 221 an
531 194 616 221 non
647 180 862 224 commode
885 191 1027 235 posset
1051 182 1136 237 legi
1155 179 1359 238 φλογᾶνας
1380 184 1586 239 ἔρανίζεις·

169 234 239 273 sed
270 233 425 274 eruditi
454 236 601 276 melius
622 247 664 277 et
683 236 850 277 felicius
882 237 961 277 iste
985 237 1202 293 detegent,
1230 252 1335 292 quae
1352 253 1429 280 nos
1460 241 1587 280 festi-

169 299 315 328 nantes
335 289 472 331 obiter
488 292 747 346 attingimus.
779 291 824 331 id
844 303 979 332 antem
1000 294 1222 346 praeterire
1244 308 1418 349 nequeo,
1446 295 1586 336 Pollu-

171 359 256 383 cem
274 354 463 384 nostrum
484 347 659 386 forsitan
683 347 786 392 haut
814 349 914 388 satis
943 348 1191 400 attendisse,
1231 363 1323 389 cum
1353 353 1510 404 στίλβην
1533 366 1586 391 ex

167 399 250 439 hoe
269 403 367 440 loco
391 400 539 454 lychni
557 402 765 456 quoddam
785 416 914 458 genus
930 418 1017 445 esse
1038 403 1206 457 probari
1225 419 1347 458 posse
1358 405 1587 446 existimat.

169 455 203 493 si
223 454 324 509 quid
340 457 450 496 enim
470 471 547 511 ego
563 458 699 509 video,
729 462 862 513 στίλβη
888 459 1102 498 commode
1120 473 1288 512 prorsus
1305 460 1388 500 hoe
1417 463 1585 501 Aristo-

163 511 320 562 phania
338 513 434 551 loco
456 513 656 565 explicari
675 515 830 567 poterit
847 516 990 565 lumen,
1009 515 1159 568 fulgor
1176 514 1387 557 candelae.
1444 517 1507 555 Ita
1521 531 1587 556 su-

167 566 307 618 perius
326 580 379 606 ex
399 566 542 608 eodem
563 570 837 621 Aristophane
853 569 981 612 πάντα
997 573 1065 623 τῆς
1077 572 1261 624 ἐξωμίδος
1272 574 1500 626 διαστίλβειν
1518 572 1585 611 di-

169 630 320 661 cuntur
347 620 476 678 ὥσπερ
505 625 549 666 ἐν
571 641 670 666 usum
697 623 922 681 λυχνούχῳ·
962 625 1033 666 sed
1057 634 1192 665 tamen
1211 640 1263 667 ne
1281 628 1447 679 penitus
1472 627 1588 667 abii-

169 676 275 716 ciam
302 677 414 717 illam
448 667 760 748 expositionem
785 669 886 720 facit
919 681 1167 733 Hesychius,
1198 681 1310 734 apud
1337 696 1474 736 quem
1485 683 1587 723 talin

167 734 287 786 lego:
317 736 484 789 Στίλβει,
515 732 677 788 αυχμὸς,
705 735 924 789 ἐλλύχνιον·
954 737 1060 778 ἕνιον
1074 735 1232 788 φᾶνον·
1258 735 1423 802 'Anauon
1444 739 1484 780 δὲ
1502 740 1585 781 ἔσο·

167 802 316 841 πτρον·
352 803 404 828 ex
425 800 542 843 parte
557 793 695 831 locum
717 793 903 830 restituit
923 793 1172 842 Salmasius,
1213 792 1287 862 qui
1307 803 1421 832 totus
1443 794 1500 833 ita
1520 797 1587 834 le-

168 844 329 896 gendus
347 854 431 885 est:
458 849 630 916 Στίλβη,
659 846 802 900 λύχνος
830 846 1134 902 (coniectaram
1156 845 1329 902 φλομὸς)
1361 846 1584 904 ἐλλύχνιον·

167 899 266 942 ἔνιοι
289 899 442 951 φάνον.
466 898 633 944 Ἀττικοὶ
653 903 724 945 δὲ’
712 904 915 953 εᾘσοπτρον

276 959 408 1008 στίλβη
459 954 513 998 θ’
543 975 569 1010 η
598 968 675 998 etc.
690 958 711 1013 ]
754 956 801 998 C.
837 959 888 998 V.
909 953 1122 1029 φλογᾶνας
1132 955 1305 1024 ἥράζεις
1333 958 1417 1001 ἐπί·
1453 960 1587 999 ascri-

165 1018 282 1064 ptum
296 1021 357 1051 est
373 1011 594 1067 legendum
606 1027 694 1052 esse
711 1016 845 1068 στίλβη
869 1012 920 1057 θ’
937 1012 963 1066 ἡ
982 1011 1078 1055 κατὰ
1095 1010 1216 1055 νύκτα
1232 1031 1300 1067 μοι
1310 1010 1420 1070 φλόγ’
1433 1012 1589 1057 ἆνασει-

166 1065 294 1119 ράζεις
313 1069 373 1110 ἐπὶ
390 1073 448 1125 τῷ
465 1074 499 1110 λ.
529 1077 569 1107 et
590 1069 742 1122 Stilbe,
772 1084 878 1122 quae
906 1071 1009 1108 mila·
1023 1083 1099 1122 per
1117 1079 1274 1109 noctem
1287 1071 1504 1118 flammam
1524 1086 1587 1109 re-

159 1125 312 1172 primis
332 1138 452 1175 super
469 1125 738 1168 candelabro·
764 1125 808 1164 id
827 1136 904 1179 est,
934 1139 1053 1179 quae
1051 1135 1225 1165 tenuem
1246 1123 1447 1165 flammam
1475 1140 1588 1180 spar-

165 1177 244 1231 gis,
276 1179 551 1219 refraenando
570 1180 696 1224 illam
752 1187 893 1222 Kumm.

271 1232 383 1287 ἥσει]
414 1235 485 1274 sic
504 1238 582 1289 leg.
604 1239 665 1279 H.
686 1237 821 1288 steph.
839 1251 900 1290 pr.
917 1234 982 1279 ed.
1002 1234 1125 1291 ἥξει.
1155 1242 1236 1277 San.

271 1291 335 1332 ἐπὶ
353 1287 502 1346 τούτῳ]
531 1292 623 1334 MS.
642 1294 707 1335 ἐπὶ
726 1296 841 1335 τοῦτο
845 1309 920 1362 χρ.
980 1297 1086 1334 Imm.

267 1342 418 1400 ’.Αριστ
436 1348 479 1389 ἐν
504 1351 597 1402 Tay.
608 1347 624 1400 ]
665 1347 710 1404 C.
735 1348 787 1389 A.
813 1346 856 1390 τὸ
876 1353 1003 1404 μῦρον
1017 1344 1316 1401 Ἀριστοφάνης
1333 1347 1461 1392 ἰστέον
1480 1351 1526 1392 εἷ’.
1547 1348 1586 1392 δ’

162 1395 199 1441 ὖ.
223 1417 259 1442 α.
315 1407 460 1441 Κσιιιιισ.

273 1454 482 1527 εἷ”ρηταιδ
499 1474 556 1499 vn
563 1453 606 1526 ’]
636 1458 732 1500 MS.
751 1459 821 1512 ειρ.
840 1458 882 1500 δὲ
904 1459 971 1500 καὶ
987 1455 1075 1502 vn'.
1129 1463 1210 1497 San

274 1509 482 1567 εἰ’ρηταιδ’
499 1510 556 1554 ὖπ
566 1511 598 1565 ’]
629 1514 724 1556 MS.
748 1524 909 1555 noster:
941 1516 1012 1569 εἷ’ρ.
1031 1515 1085 1558 δέ.
1142 1513 1223 1554 Sed
1247 1514 1383 1554 seben·
1402 1515 1584 1569 plenIus,

162 1569 310 1638 εἷ’ρητιξί
332 1568 374 1610 δὲ
392 1571 471 1610 καί.
528 1574 641 1610 Itme.

271 1623 370 1692 α’νκῃ
387 1620 582 1678 μυοηρᾶ]
616 1626 745 1666 Salm·
767 1625 814 1667 C·
835 1623 988 1681 μονηρᾶ
1006 1639 1082 1680 1²10
1103 1623 1258 1682 μυρηρᾶ
1276 1640 1504 1681 perperam·
1535 1627 1583 1668 C·

160 1679 213 1722 A.
242 1677 345 1721 καὶ’
328 1677 471 1736 οἷγγημ
444 1679 599 1733 μυρικᾶ.
654 1687 799 1722 szmt.

270 1733 370 1791 ἄγγη
389 1735 558 1800 μυρηρά.
569 1737 589 1789 ]
628 1735 678 1775 Iu
699 1735 791 1777 MS.
814 1745 959 1776 nostro
984 1736 1034 1775 ab
1053 1737 1132 1775 alia
1153 1751 1276 1775 mann
1296 1751 1421 1791 super
1440 1755 1462 1791 ρ
1478 1738 1585 1777 ocri-

159 1800 278 1844 ptum
298 1809 334 1833 ν.
392 1791 472 1832 Sed
496 1792 651 1845 inepte,
681 1790 819 1832 credo.
878 1791 924 1831 ln
946 1791 1037 1832 MS.
1061 1792 1393 1832 Salmanticemi
1399 1793 1501 1833 haec
1521 1797 1586 1833 le-

160 1846 245 1886 ctio
263 1856 419 1899 exstat,
448 1856 496 1886 ut
515 1848 710 1886 Sclzottus
729 1857 870 1886 noster
887 1846 1069 1887 indicat.-
1099 1846 1376 1902 μυροφορικά·
1407 1847 1454 1890 σύ
1473 1844 1512 1890 δ’
1533 1867 1584 1891 αν

162 1903 291 1951 εἴποις
303 1904 367 1944 καὶ
379 1908 620 1971 μυροφορεῖ·
650 1916 755 1955 quae
775 1903 886 1941 forte
909 1902 968 1940 sic
993 1902 1197 1942 debebant
1215 1904 1363 1943 scribi:
1393 1902 1492 1958 ὅῖγγη
1512 1922 1584 1957 μυ·

158 1956 379 2011 ’ροφορικᾶ
414 1958 462 2000 σύ
486 1955 529 1999 δ’
552 1956 601 2000 ἂν
627 1960 753 2006 εἴποις
770 1974 835 1999 και
858 1965 1139 2011 μυροφορεῖον.
1197 1958 1279 2000 Sed
1299 1962 1467 2014 vu1gata
1480 1960 1583 2000 bene

160 2027 203 2052 se
221 2013 387 2061 habent.
420 2026 519 2053 mox
539 2027 638 2052 vero
661 2027 736 2066 pro
749 2010 1058 2066 Ἀριστοφάνης,
1088 2025 1136 2054 ut
1153 2014 1198 2054 in
1218 2015 1316 2056 MS.
1331 2024 1441 2065 erat,
1473 2025 1583 2056 recto

160 2067 314 2108 ibidem
345 2067 605 2108 emendatum
625 2064 958 2138 Ἀριστοφάνους.
1016 2071 1234 2110 Caeterum
1271 2084 1323 2110 ex
1361 2069 1583 2118 hocloco,

156 2124 234 2162 ubi
254 2134 295 2164 et
313 2122 495 2176 λήκυθον
506 2122 686 2178 μυρηρᾶν
712 2125 863 2161 Pollux
882 2123 1019 2164 dicere
1050 2140 1126 2164 nos
1147 2139 1268 2178 posse
1291 2125 1366 2174 ait,
1388 2125 1584 2165 inductus

158 2181 215 2219 D.
246 2181 458 2219 Furlanue
486 2179 612 2218 Notis
646 2179 698 2218 ad
737 2179 1000 2229 Theophrase.
1027 2180 1219 2220 Charact.
1245 2195 1334 2232 cap.
1365 2182 1453 2234 περὶ
1471 2178 1582 2231 ἄρεσ-

158 2236 278 2284 κείας,
308 2249 385 2289 pro
405 2233 604 2288 θηριακας
629 2251 705 2276 των
733 2231 977 2288 στρογγύλων
996 2235 1199 2288 ληκύθους
1219 2237 1418 2290 opinatur
1435 2238 1584 2290 legen-

160 2289 280 2340 dum,
286 2291 489 2358 μυρηρὰς
503 2307 581 2332 των
596 2295 839 2331 ete.1umt;.

268 2343 366 2401 ἄγγη
387 2345 557 2399 μυρηροέ.
571 2347 591 2398 ]
623 2344 823 2398 Equidem
847 2358 925 2397 ego
948 2347 1157 2400 vulgatam
1175 2344 1398 2385 lectionem
1419 2359 1504 2385 non
1517 2355 1581 2385 te·-

157 2414 266 2440 -mere
291 2402 491 2442 reiiciam.
521 2402 591 2441 sed
615 2401 677 2440 ini
702 2409 836 2440 tamen
861 2400 912 2439 de
929 2403 1023 2439 loco
1040 2401 1135 2441 lites
1158 2414 1323 2440 movere
1344 2401 1478 2454 possit
1502 2402 1583 2441 ista

155 2455 379 2508 scriptura,
410 2471 531 2520 quam
554 2471 576 2495 e
593 2455 746 2496 Codice
771 2457 1096 2496 Salmaneicensi
1124 2458 1319 2495 Sclzottus·
1348 2456 1580 2497 adnotavit.

153 2508 258 2549 huie
284 2511 485 2552 convenit
518 2513 843 2565 Falckenburgii
869 2511 998 2560 liber,
1027 2512 1100 2566 qui
1127 2511 1261 2552 literis
1280 2510 1486 2565 expressis
1506 2526 1590 2566 pro>
