1716 3016
180 111 263 153 880
796 108 871 150 IX.
934 113 998 153 13.

188 217 400 270 floruerit,·
426 219 616 260 et'facile
633 220 805 275 colligas
826 221 887 261 ita
906 235 950 260 se
970 236 1054 261 rem
1074 221 1283 270 habuisse,
1303 221 1416 277 quo'd
1433 220 1606 276 σκάφιον

176 284 232 314 ret
249 279 378 327 κῆπος
400 284 688 328 opponantur3
719 278 875 331 quippe
896 277 1070 330 σκάφιον
1082 288 1167 316 erat
1177 275 1304 331 κουραὶ
1321 277 1607 334 περιτρόχαλος,

191 343 299 384 quae
332 330 504 383 capillos
540 330 590 369 ad
619 342 754 370 cutem
782 333 972 373 demebat
1004 334 1111 373 circa
1137 344 1271 373 totum
1304 344 1451 387 caput,
1487 345 1531 374 et
1555 333 1608 374 ad

191 385 393 426 verticem
413 400 544 438 usque
562 387 844 440 rotundabat3
872 403 1003 440 eaque
1022 399 1218 429 tonsurae
1237 389 1344 430 ratio
1364 390 1410 428 in
1433 389 1610 444 quibus-

174 440 285 479 »dam
319 441 536 480 monachis
570 444 832 496 conspicitur
860 443 1093 497 hodieque:
1133 445 1200 485 cui
1233 445 1375 500 itaque
1402 445 1611 484 contraria

189 501 328 549 κῆπος,
358 495 535 537 docente
558 499 789 538 Scholiasta
804 501 1103 551 Aristophanis
1128 500 1180 540 ad
1200 501 1278 542 Av.
1303 515 1396 556 pag.
1419 500 1513 556 579.
1536 501 1614 538 in—

192 552 342 592 decore
370 553 592 604 promissas
623 564 786 594 tantum
819 569 953 595 eomas
985 555 1218 606 accidebat,
1257 557 1482 610 praecipua
1511 569 1611 595 vero

191 608 410 658 antiarum,
432 621 479 647 ac
492 609 564 661 qui
587 609 632 648 in
654 611 834 650 frontem
845 610 1134 664 dependebant
1146 612 1324 651 crinium
1338 626 1448 663 cura,
1470 609 1614 666 quade

193 675 315 703 causa
334 661 472 705 dietus
480 664 743 707 Scholiasta:
768 663 794 708 ὁ
807 667 848 709 δὲ
858 671 982 721 κῆπος
992 665 1035 708 τὸ
1046 667 1124 720 πρὸ
1136 666 1316 720 μετώπου
1328 669 1614 720 κεκοσμῆσθαι.

193 717 275 758 Sed
297 732 420 771 super
437 721 637 772 Hesychia·
656 724 753 761 loco
775 721 907 761 dicam
931 737 1036 776 quae
1061 723 1167 762 mihi
1188 733 1393 764 venerunt
1414 724 1615 776 aliquan-

193 773 248 813 do
266 773 311 812 in
330 783 527 815 mentem:
557 780 711 829 Κῆπος,
738 776 976 830 παράδεισος
991 776 1018 831 ἢ
1037 777 1141 827 εἶδος
1156 784 1305 833 κοὺρᾶς
1321 777 1429 832 παρὰ
1444 780 1616 833 Πέρσαις

194 829 357 870 etc.levi
364 830 581 873 verborum
589 834 917 886 transpositione
925 845 1136 887 peccatum
1148 835 1527 887 putem,etscribam
1538 834 1615 872 ita-

194 896 290 939 que:
310 890 462 938 Κῆπος,
472 887 709 941 παράδεισος
716 889 823 941 παρὰ
836 891 1008 943 Πέρσαις
1018 900 1096 930 etc.
1110 891 1323 929 arbitrium
1333 899 1422 930 esto
1431 889 1614 931 lectoris.

302 940 543 995 βαρβαρικὸν
561 945 663 996 εἴα]
694 947 990 997 Moschopulus
1013 945 1201 998 quidem:
1232 948 1355 996 δεῖσα,
1383 942 1410 998 ἦ
1428 943 1617 998 ὑγρασία·

195 995 233 1046 ἐξ
250 990 299 1039 οὗ
317 995 566 1050 παράδεισος.
611 999 660 1040 de
682 1001 835 1039 ration.
867 1001 1044 1042 examin.
1067 1010 1169 1040 orat.
1192 1014 1285 1054 pag.
1311 1000 1377 1041 80.
1398 1000 1619 1040 similiter-

197 1065 279 1106 que
299 1054 414 1092 Suid.
438 1063 480 1093 et
497 1056 726 1106 Etymolog.
767 1057 920 1094 Verum
939 1057 1084 1096 Pollux
1103 1057 1259 1096 rectius
1282 1056 1547 1111 peregrinum
1573 1054 1620 1094 id

186 1122 351 1147 momen
372 1123 460 1148 esse
477 1109 599 1151 dicit.
653 1111 761 1150 Nam
787 1111 1007 1150 Chaldaeis
1036 1126 1082 1151 ac
1109 1112 1246 1151 Persis
1275 1122 1374 1166 ῦῃε,
1394 1120 1454 1151 est
1475 1125 1619 1151 nemus

199 1173 274 1202 aut
297 1163 443 1209 hortus
482 1164 724 1204 deliciarum
750 1168 882 1220 gratia
902 1168 1157 1218 instructus,
1187 1166 1298 1207 unde
1316 1166 1508 1219 Asaphus
1531 1166 1623 1220 Ἷρὶἑ

197 1229 323 1275 οῃξρ
338 1229 478 1259 custos
505 1221 691 1260 Paradisi
710 1231 782 1260 aut
803 1223 982 1261 nemoris
1004 1222 1110 1275 regii
1127 1225 1360 1276 appellatur
1377 1223 1543 1262 Nehem.
1567 1235 1622 1273 ιι,

198 1279 236 1320 8.
294 1276 439 1328 anue
460 1289 543 1314 vox
565 1277 697 1314 oritur
714 1291 766 1316 ex
787 1277 944 1315 duabus
960 1278 1176 1316 Hebraicis
1195 1293 1205 1317 ε
1243 1288 1319 1332 ιη’-»Ξ
1341 1277 1501 1328 fertilia
1514 1277 1619 1328 fuit,

185 1327 383 1383 fructum
398 1332 586 1383 protulit,
614 1342 656 1371 et
685 1343 782 1391 0312:
814 1332 860 1371 id
877 1342 958 1383 est,
979 1342 1146 1386 myrtus.
1175 1332 1272 1375 vide
1291 1334 1493 1376 [oachim.
1521 1333 1622 1372 zelz-

192 1388 289 1428 ’νισι-ἰ
309 1386 470 1426 similit.
494 1400 628 1426 sacras
653 1402 746 1441 pag.
771 1387 810 1427 5.
866 1393 944 1430 san.

312 1440 553 1495 βαρβαρικὸν
573 1444 680 1495 etc.]
714 1443 758 1483 C.
782 1443 831 1482 A.
853 1457 937 1484 non
958 1444 1083 1485 habet
1107 1458 1214 1498 quae
1236 1453 1469 1499 sequuntur
1488 1457 1623 1497 usque

201 1495 254 1535 ad
275 1496 397 1537 finem
416 1498 581 1550 capitis.
602 1510 699 1553 οῃξ
715 1500 965 1539 vocabulum
1001 1515 1057 1540 ex
1083 1501 1208 1540 sacris
1225 1501 1361 1540 literis
1381 1509 1528 1540 notum
1544 1508 1622 1541 est.

198 1558 345 1592 Kum-

312 1608 557 1663 βαρβαρικὸν
581 1612 689 1663 etc.]
727 1611 824 1651 Vid.
853 1612 1040 1651 Brisaon.
1069 1611 1144 1652 lib.
1175 1627 1206 1650 ι.
1229 1610 1279 1652 de
1305 1625 1389 1665 reg,
1415 1612 1529 1652 Pers.
1547 1610 1625 1650 ubi

202 1673 321 1703 taxat
345 1679 415 1704 eos
437 1666 510 1719 qui
536 1681 628 1705 cum
646 1667 780 1706 Suida
803 1668 1095 1708 Graecanicam
1123 1667 1249 1706 huius
1276 1669 1394 1707 vocis
1418 1666 1624 1722 originem

202 1730 427 1763 arcessunt.
483 1727 591 1764 que.

312 1777 557 1831 βαρβαρικὸν
577 1779 686 1833 etc.]
724 1780 930 1818 Persicam
959 1793 1102 1818 vocem
1131 1787 1315 1818 veterum
1337 1777 1527 1831 plerique
1547 1775 1627 1816 ad-

205 1831 392 1884 firmant,
423 1843 466 1872 et
493 1835 627 1873 facete
657 1835 829 1874 omnino
857 1844 1090 1888 nugantur,
1130 1834 1203 1886 qui
1230 1849 1282 1874 ex
1299 1834 1445 1889 lingua
1469 1833 1628 1872 Graeca

205 1888 424 1941 petendam
444 1888 535 1929 eius
558 1890 761 1943 originem
781 1899 1067 1940 statuunt,aut
1077 1904 1131 1930 ex
1152 1889 1371 1928 Hebraica.
1410 1903 1503 1928 nam
1517 1897 1627 1928 certe

206 1953 278 1981 aut
295 1958 346 1983 ex
363 1943 526 1984 Persica
551 1945 694 1999 lingua
722 1946 811 1986 eius
834 1946 1087 1985 incunabula
1117 1955 1215 1984 sunt
1234 1945 1447 1992 ducenda,
1477 1944 1524 1982 in
1545 1957 1628 1996 qna

207 1998 375 2052 quidem
397 2000 486 2052 ipsa
510 1994 596 2039 vox
611 2001 750 2052 hodie,
771 2011 971 2055 quantum
996 2000 1160 2053 quidem
1181 2000 1365 2049 memini,
1385 2014 1472 2039 non
1496 2007 1626 2048 extat,

207 2063 279 2094 aut
295 2069 346 2093 ex
364 2055 597 2106 Armenica,
619 2056 662 2094 in
680 2072 758 2111 qua
779 2058 859 2096 alia
883 2055 1068 2095 affinium
1087 2057 1300 2095 literarum
1318 2065 1360 2095 et
1378 2053 1630 2107 pronuncia-

206 2110 338 2149 tionis
360 2125 443 2149 vox
463 2109 634 2150 delicias
655 2127 700 2150 ac
721 2115 931 2151 laetitiam
953 2111 1136 2151 denotat.
1175 2120 1359 2152 remanet
1375 2112 1455 2149 ista
1474 2123 1564 2150 vox
1581 2108 1628 2148 in

205 2166 354 2220 lingua
391 2165 635 2216 chaldaica,
674 2168 842 2220 Syriaca
871 2177 912 2207 et
940 2166 1134 2207 Arabica:
1172 2176 1214 2206 et
1241 2175 1446 2206 testantur
1474 2164 1629 2204 Arabes

206 2223 543 2274 Lexicograplzi‚
595 2237 738 2262 vocem
771 2223 987 2277 designare
1026 2222 1192 2261 hortum
1220 2222 1413 2262 omnibus
1449 2220 1627 2270 deliciis,

207 2279 443 2329 plantarum
470 2278 689 2331 praecipue
708 2293 755 2318 ac
781 2279 968 2318 arborum
986 2279 1236 2317 amoenitate
1255 2275 1519 2325 adfluentem,
1547 2287 1629 2328 qua

211 2332 380 2384 quidem
403 2334 446 2372 in
471 2348 513 2373 re
534 2348 625 2372 cum
650 2332 822 2374 Graecis
848 2334 1036 2387 apprime
1067 2333 1352 2381 conveniunt,
1384 2333 1457 2384 qui
1479 2341 1526 2370 ut
1539 2333 1631 2382 plu-

208 2387 356 2426 rimum
377 2388 456 2428 hac
477 2389 522 2427 in
544 2390 718 2430 notione
740 2391 817 2428 ista
835 2404 938 2429 voce
958 2397 1145 2428 utuntur.
1195 2389 1296 2440 quin
1323 2387 1446 2426 etiam
1470 2387 1628 2432 Persae,

210 2457 232 2481 a
252 2443 400 2496 quibus
423 2443 466 2482 id
487 2444 687 2484 vocabuli
709 2446 759 2484 ad
779 2445 958 2484 Graecos
981 2443 1122 2492 fluxit,
1153 2444 1315 2483 arbores
1335 2456 1382 2480 ac
1405 2441 1551 2480 hortos
1563 2453 1632 2477 co-

209 2497 325 2537 lendi
362 2499 500 2538 studia
535 2504 748 2547 aluerunt,
790 2500 902 2554 quod
931 2515 987 2540 ex
1018 2499 1129 2538 haud
1160 2499 1344 2540 obscuris
1365 2494 1631 2548 antiquitatiss

211 2554 466 2594 testimoniis
488 2566 664 2607 constat,
695 2570 830 2610 neque
849 2556 921 2610 qui
942 2555 1071 2609 periti
1088 2557 1248 2596 fuerint
1266 2555 1310 2594 in
1331 2551 1506 2592 historia
1525 2550 1632 2589 anti-

1714 2540 1716 2575 i
