<?xml version="1.0" encoding="UTF-8"?>
<!DOCTYPE html PUBLIC "-//W3C//DTD XHTML 1.0 Transitional//EN"
    "http://www.w3.org/TR/xhtml1/DTD/xhtml1-transitional.dtd">
<html xmlns="http://www.w3.org/1999/xhtml" xml:lang="en" lang="en">
 <head>
  <title>
</title>
<meta http-equiv="Content-Type" content="text/html;charset=utf-8" />
  <meta name='ocr-system' content='tesseract 3.04.00' />
  <meta name='ocr-capabilities' content='ocr_page ocr_carea ocr_par ocr_line ocrx_word'/>
</head>
<body>
  <div class='ocr_page' id='page_1' title='image "./p2onomastic05polluoft_0533.png"; bbox 0 0 1690 2996; ppageno 0'>
   <div class='ocr_carea' id='block_1_1' title="bbox 756 106 1557 151">
    <p class='ocr_par' dir='ltr' id='par_1_1' title="bbox 756 106 1557 151">
     <span class='ocr_line' id='line_1_1' title="bbox 756 106 1557 151; baseline 0.002 -5"><span class='ocrx_word' id='word_1_1' title='bbox 756 106 810 149; x_wconf 87' lang='lat' dir='ltr'>X.</span> <span class='ocrx_word' id='word_1_2' title='bbox 866 109 934 151; x_wconf 81' lang='lat'>59.</span> <span class='ocrx_word' id='word_1_3' title='bbox 1450 108 1557 149; x_wconf 72' lang='lat'><strong>1383</strong></span> 
     </span>
    </p>
   </div>
   <div class='ocr_carea' id='block_1_2' title="bbox 130 215 1563 2539">
    <p class='ocr_par' dir='ltr' id='par_1_2' title="bbox 130 215 1563 2539">
     <span class='ocr_line' id='line_1_2' title="bbox 130 215 1558 270; baseline -0.006 -6"><span class='ocrx_word' id='word_1_4' title='bbox 130 219 409 264; x_wconf 69' lang='lat' dir='ltr'>Kuelmius&#39;ad</span> <span class='ocrx_word' id='word_1_5' title='bbox 426 234 536 261; x_wconf 85' lang='lat' dir='ltr'>oram</span> <span class='ocrx_word' id='word_1_6' title='bbox 557 218 626 259; x_wconf 80' lang='lat' dir='ltr'>s‘ui</span> <span class='ocrx_word' id='word_1_7' title='bbox 644 218 744 258; x_wconf 81' lang='lat' dir='ltr'>libri</span> <span class='ocrx_word' id='word_1_8' title='bbox 775 217 820 256; x_wconf 88' lang='lat' dir='ltr'>in</span> <span class='ocrx_word' id='word_1_9' title='bbox 842 216 1095 270; x_wconf 75' lang='lat' dir='ltr'>prioribus&#39;e</span> <span class='ocrx_word' id='word_1_10' title='bbox 1114 217 1237 258; x_wconf 86' lang='lat' dir='ltr'><strong>MSS.</strong></span> <span class='ocrx_word' id='word_1_11' title='bbox 1270 215 1424 256; x_wconf 83' lang='lat' dir='ltr'>adiecit</span> <span class='ocrx_word' id='word_1_12' title='bbox 1448 217 1558 258; x_wconf 61' lang='grc' dir='ltr'><em>ἐστΐν</em></span> 
     </span>
     <span class='ocr_line' id='line_1_3' title="bbox 131 271 1559 331; baseline -0.004 -17"><span class='ocrx_word' id='word_1_13' title='bbox 131 277 320 329; x_wconf 60' lang='lat' dir='ltr'>&#39;stigma-</span> <span class='ocrx_word' id='word_1_14' title='bbox 351 276 466 331; x_wconf 82' lang='lat' dir='ltr'>quod</span> <span class='ocrx_word' id='word_1_15' title='bbox 484 274 644 325; x_wconf 73' lang='grc' dir='ltr'>’[άζοηι</span> <span class='ocrx_word' id='word_1_16' title='bbox 666 284 777 313; x_wconf 87' lang='lat' dir='ltr'>certe</span> <span class='ocrx_word' id='word_1_17' title='bbox 801 273 892 312; x_wconf 85' lang='lat' dir='ltr'>sine</span> <span class='ocrx_word' id='word_1_18' title='bbox 910 272 1041 311; x_wconf 89' lang='lat' dir='ltr'>dubio</span> <span class='ocrx_word' id='word_1_19' title='bbox 1063 271 1106 310; x_wconf 89' lang='lat' dir='ltr'>in</span> <span class='ocrx_word' id='word_1_20' title='bbox 1130 282 1375 312; x_wconf 85' lang='lat' dir='ltr'>contextum</span> <span class='ocrx_word' id='word_1_21' title='bbox 1400 272 1559 309; x_wconf 80' lang='lat' dir='ltr'>Pollu-</span> 
     </span>
     <span class='ocr_line' id='line_1_4' title="bbox 132 328 1559 381; baseline -0.005 -6"><span class='ocrx_word' id='word_1_22' title='bbox 132 339 195 376; x_wconf 76' lang='lat' dir='ltr'>cic</span> <span class='ocrx_word' id='word_1_23' title='bbox 218 331 496 375; x_wconf 77' lang='lat' dir='ltr'>reducendum</span> <span class='ocrx_word' id='word_1_24' title='bbox 530 340 605 371; x_wconf 86' lang='lat' dir='ltr'>est.</span> <span class='ocrx_word' id='word_1_25' title='bbox 635 331 680 368; x_wconf 89' lang='lat' dir='ltr'>irr</span> <span class='ocrx_word' id='word_1_26' title='bbox 703 328 1007 381; x_wconf 76' lang='lat' dir='ltr'>posterioribus</span> <span class='ocrx_word' id='word_1_27' title='bbox 1031 338 1167 367; x_wconf 87' lang='lat' dir='ltr'>autem</span> <span class='ocrx_word' id='word_1_28' title='bbox 1191 328 1406 379; x_wconf 74' lang='lat' dir='ltr'>Sophoclis</span> <span class='ocrx_word' id='word_1_29' title='bbox 1424 329 1559 381; x_wconf 77' lang='grc' dir='ltr'><strong><em>λινορ-</em></strong></span> 
     </span>
     <span class='ocr_line' id='line_1_5' title="bbox 131 383 1558 444; baseline -0.008 -12"><span class='ocrx_word' id='word_1_30' title='bbox 131 390 245 444; x_wconf 67' lang='grc' dir='ltr'>64»φῆ</span> <span class='ocrx_word' id='word_1_31' title='bbox 259 390 391 432; x_wconf 56' lang='lat' dir='ltr'>tuizia</span> <span class='ocrx_word' id='word_1_32' title='bbox 414 387 614 436; x_wconf 84' lang='lat' dir='ltr'>restituit,</span> <span class='ocrx_word' id='word_1_33' title='bbox 650 394 699 423; x_wconf 85' lang='lat' dir='ltr'>ut</span> <span class='ocrx_word' id='word_1_34' title='bbox 721 397 818 437; x_wconf 84' lang='lat' dir='ltr'>prae</span> <span class='ocrx_word' id='word_1_35' title='bbox 833 397 875 423; x_wconf 82' lang='lat' dir='ltr'>se</span> <span class='ocrx_word' id='word_1_36' title='bbox 897 383 1039 422; x_wconf 87' lang='lat' dir='ltr'>ferunt</span> <span class='ocrx_word' id='word_1_37' title='bbox 1056 383 1180 423; x_wconf 88' lang='lat' dir='ltr'><strong>MSS.</strong></span> <span class='ocrx_word' id='word_1_38' title='bbox 1215 383 1410 435; x_wconf 84' lang='lat' dir='ltr'>Optimus</span> <span class='ocrx_word' id='word_1_39' title='bbox 1431 385 1558 421; x_wconf 80' lang='lat' dir='ltr'>Falc-</span> 
     </span>
     <span class='ocr_line' id='line_1_6' title="bbox 132 437 1557 498; baseline -0.004 -14"><span class='ocrx_word' id='word_1_40' title='bbox 132 445 347 498; x_wconf 70' lang='lat' dir='ltr'>kcnburgii</span> <span class='ocrx_word' id='word_1_41' title='bbox 369 441 515 483; x_wconf 73' lang='lat' dir='ltr'>Codex</span> <span class='ocrx_word' id='word_1_42' title='bbox 541 440 646 480; x_wconf 82' lang='lat' dir='ltr'>illud</span> <span class='ocrx_word' id='word_1_43' title='bbox 674 438 841 489; x_wconf 62' lang='lat' dir='ltr'>&#39;ficem</span> <span class='ocrx_word' id='word_1_44' title='bbox 860 438 1054 489; x_wconf 80' lang='lat' dir='ltr'>agnoscit</span> <span class='ocrx_word' id='word_1_45' title='bbox 1075 439 1213 487; x_wconf 79' lang='lat' dir='ltr'>etiam,</span> <span class='ocrx_word' id='word_1_46' title='bbox 1245 439 1371 476; x_wconf 85' lang='lat' dir='ltr'>sicuti</span> <span class='ocrx_word' id='word_1_47' title='bbox 1393 447 1434 477; x_wconf 83' lang='lat' dir='ltr'>et</span> <span class='ocrx_word' id='word_1_48' title='bbox 1459 437 1557 487; x_wconf 68' lang='grc' dir='ltr'>πύλη</span> 
     </span>
     <span class='ocr_line' id='line_1_7' title="bbox 132 492 1560 556; baseline -0.004 -18"><span class='ocrx_word' id='word_1_49' title='bbox 132 515 210 556; x_wconf 75' lang='lat' dir='ltr'>pro</span> <span class='ocrx_word' id='word_1_50' title='bbox 230 500 378 543; x_wconf 64' lang='lat' dir='ltr'>waeloe·</span> <span class='ocrx_word' id='word_1_51' title='bbox 426 498 470 536; x_wconf 89' lang='lat' dir='ltr'>in</span> <span class='ocrx_word' id='word_1_52' title='bbox 494 496 644 536; x_wconf 86' lang='lat' dir='ltr'>summi</span> <span class='ocrx_word' id='word_1_53' title='bbox 674 509 772 534; x_wconf 83' lang='lat' dir='ltr'>vero</span> <span class='ocrx_word' id='word_1_54' title='bbox 807 496 978 547; x_wconf 76' lang='lat' dir='ltr'><strong><em>Tragici</em></strong></span> <span class='ocrx_word' id='word_1_55' title='bbox 998 493 1136 532; x_wconf 80' lang='lat' dir='ltr'>verbis</span> <span class='ocrx_word' id='word_1_56' title='bbox 1169 493 1316 532; x_wconf 79' lang='lat' dir='ltr'>scribit</span> <span class='ocrx_word' id='word_1_57' title='bbox 1340 492 1560 546; x_wconf 71' lang='grc' dir='ltr'><em>λινοράφος</em></span> 
     </span>
     <span class='ocr_line' id='line_1_8' title="bbox 131 548 1559 603; baseline -0.008 -3"><span class='ocrx_word' id='word_1_58' title='bbox 131 558 279 600; x_wconf 54' lang='lat' dir='ltr'>wicla-</span> <span class='ocrx_word' id='word_1_59' title='bbox 334 555 422 594; x_wconf 80' lang='lat' dir='ltr'>Iam</span> <span class='ocrx_word' id='word_1_60' title='bbox 443 566 541 592; x_wconf 86' lang='lat' dir='ltr'>vero</span> <span class='ocrx_word' id='word_1_61' title='bbox 573 566 656 591; x_wconf 88' lang='lat' dir='ltr'>rem</span> <span class='ocrx_word' id='word_1_62' title='bbox 682 552 838 603; x_wconf 79' lang='lat' dir='ltr'>ipsam,</span> <span class='ocrx_word' id='word_1_63' title='bbox 882 563 963 602; x_wconf 80' lang='lat' dir='ltr'>qua</span> <span class='ocrx_word' id='word_1_64' title='bbox 991 562 1163 601; x_wconf 80' lang='lat' dir='ltr'>possum</span> <span class='ocrx_word' id='word_1_65' title='bbox 1191 563 1308 598; x_wconf 85' lang='lat' dir='ltr'>cura,</span> <span class='ocrx_word' id='word_1_66' title='bbox 1350 548 1559 588; x_wconf 81' lang='lat' dir='ltr'>discutere</span> 
     </span>
     <span class='ocr_line' id='line_1_9' title="bbox 133 603 1562 654; baseline -0.008 -2"><span class='ocrx_word' id='word_1_67' title='bbox 133 612 178 652; x_wconf 82' lang='lat' dir='ltr'>in</span> <span class='ocrx_word' id='word_1_68' title='bbox 209 612 393 650; x_wconf 80' lang='lat' dir='ltr'>animum</span> <span class='ocrx_word' id='word_1_69' title='bbox 423 607 584 649; x_wconf 80' lang='lat' dir='ltr'>induxi.</span> <span class='ocrx_word' id='word_1_70' title='bbox 625 621 709 645; x_wconf 81' lang='lat' dir='ltr'>non</span> <span class='ocrx_word' id='word_1_71' title='bbox 752 606 932 644; x_wconf 78' lang='lat' dir='ltr'><strong>arbitror</strong></span> <span class='ocrx_word' id='word_1_72' title='bbox 965 618 1064 643; x_wconf 88' lang='lat' dir='ltr'>vero</span> <span class='ocrx_word' id='word_1_73' title='bbox 1085 603 1387 643; x_wconf 85' lang='lat' dir='ltr'>restituendum</span> <span class='ocrx_word' id='word_1_74' title='bbox 1415 604 1562 654; x_wconf 64' lang='grc' dir='ltr'><strong><em>τυλήϊα</em></strong></span> 
     </span>
     <span class='ocr_line' id='line_1_10' title="bbox 135 660 1559 715; baseline -0.006 -8"><span class='ocrx_word' id='word_1_75' title='bbox 135 681 227 707; x_wconf 72' lang='lat' dir='ltr'>cnm</span> <span class='ocrx_word' id='word_1_76' title='bbox 249 666 448 713; x_wconf 71' lang='lat' dir='ltr'>Kuehniu,</span> <span class='ocrx_word' id='word_1_77' title='bbox 478 673 526 702; x_wconf 83' lang='lat' dir='ltr'>ut</span> <span class='ocrx_word' id='word_1_78' title='bbox 551 662 698 702; x_wconf 88' lang='lat' dir='ltr'>Ionice</span> <span class='ocrx_word' id='word_1_79' title='bbox 717 661 835 714; x_wconf 87' lang='lat' dir='ltr'>loqui</span> <span class='ocrx_word' id='word_1_80' title='bbox 855 660 992 715; x_wconf 85' lang='lat' dir='ltr'>possit</span> <span class='ocrx_word' id='word_1_81' title='bbox 1011 661 1196 710; x_wconf 72' lang='lat' dir='ltr'>Eupolis.</span> <span class='ocrx_word' id='word_1_82' title='bbox 1222 673 1315 697; x_wconf 89' lang='lat' dir='ltr'>nam</span> <span class='ocrx_word' id='word_1_83' title='bbox 1337 661 1559 710; x_wconf 69' lang='lat' dir='ltr'>Eupolidis</span> 
     </span>
     <span class='ocr_line' id='line_1_11' title="bbox 132 714 1559 772; baseline -0.008 -10"><span class='ocrx_word' id='word_1_84' title='bbox 132 721 303 762; x_wconf 69' lang='lat' dir='ltr'>lonicus</span> <span class='ocrx_word' id='word_1_85' title='bbox 322 722 392 760; x_wconf 86' lang='lat' dir='ltr'>ille</span> <span class='ocrx_word' id='word_1_86' title='bbox 404 717 605 772; x_wconf 83' lang='lat' dir='ltr'>loquendi</span> <span class='ocrx_word' id='word_1_87' title='bbox 627 716 775 756; x_wconf 84' lang='lat' dir='ltr'>modus</span> <span class='ocrx_word' id='word_1_88' title='bbox 791 730 876 756; x_wconf 86' lang='lat' dir='ltr'>nou</span> <span class='ocrx_word' id='word_1_89' title='bbox 901 714 1069 770; x_wconf 88' lang='lat' dir='ltr'>quidem</span> <span class='ocrx_word' id='word_1_90' title='bbox 1089 728 1110 752; x_wconf 88' lang='lat' dir='ltr'>a</span> <span class='ocrx_word' id='word_1_91' title='bbox 1129 715 1261 754; x_wconf 86' lang='lat' dir='ltr'>forma</span> <span class='ocrx_word' id='word_1_92' title='bbox 1283 715 1397 754; x_wconf 82' lang='lat' dir='ltr'>vocis</span> <span class='ocrx_word' id='word_1_93' title='bbox 1416 716 1559 754; x_wconf 81' lang='lat' dir='ltr'>litera-</span> 
     </span>
     <span class='ocr_line' id='line_1_12' title="bbox 134 770 1557 830; baseline -0.005 -13"><span class='ocrx_word' id='word_1_94' title='bbox 134 791 309 830; x_wconf 78' lang='lat' dir='ltr'>rumque</span> <span class='ocrx_word' id='word_1_95' title='bbox 337 775 568 815; x_wconf 78' lang='lat' dir='ltr'>mutatione</span> <span class='ocrx_word' id='word_1_96' title='bbox 600 771 775 825; x_wconf 81' lang='lat' dir='ltr'>pendet,</span> <span class='ocrx_word' id='word_1_97' title='bbox 807 770 877 811; x_wconf 82' lang='lat' dir='ltr'>sed</span> <span class='ocrx_word' id='word_1_98' title='bbox 903 771 954 809; x_wconf 87' lang='lat' dir='ltr'>ab</span> <span class='ocrx_word' id='word_1_99' title='bbox 977 770 1069 821; x_wconf 82' lang='lat' dir='ltr'>ipso</span> <span class='ocrx_word' id='word_1_100' title='bbox 1090 770 1282 809; x_wconf 80' lang='lat' dir='ltr'>vocabuli</span> <span class='ocrx_word' id='word_1_101' title='bbox 1303 770 1412 822; x_wconf 83' lang='lat' dir='ltr'>apud</span> <span class='ocrx_word' id='word_1_102' title='bbox 1432 771 1557 810; x_wconf 72' lang='lat' dir='ltr'>Ionas</span> 
     </span>
     <span class='ocr_line' id='line_1_13' title="bbox 135 825 1555 885; baseline -0.004 -14"><span class='ocrx_word' id='word_1_103' title='bbox 135 831 367 885; x_wconf 84' lang='lat' dir='ltr'>frequentis</span> <span class='ocrx_word' id='word_1_104' title='bbox 384 843 478 876; x_wconf 73' lang='lat' dir='ltr'>usu,</span> <span class='ocrx_word' id='word_1_105' title='bbox 509 827 622 882; x_wconf 87' lang='lat' dir='ltr'>quod</span> <span class='ocrx_word' id='word_1_106' title='bbox 643 826 815 880; x_wconf 80' lang='lat' dir='ltr'>patebit.</span> <span class='ocrx_word' id='word_1_107' title='bbox 845 826 920 866; x_wconf 86' lang='lat' dir='ltr'>Nil</span> <span class='ocrx_word' id='word_1_108' title='bbox 938 825 1105 880; x_wconf 90' lang='lat' dir='ltr'>quidem</span> <span class='ocrx_word' id='word_1_109' title='bbox 1126 826 1282 878; x_wconf 81' lang='lat' dir='ltr'>itaque,</span> <span class='ocrx_word' id='word_1_110' title='bbox 1315 839 1378 864; x_wconf 89' lang='lat' dir='ltr'>me</span> <span class='ocrx_word' id='word_1_111' title='bbox 1399 825 1555 872; x_wconf 77' lang='lat' dir='ltr'>iudice,</span> 
     </span>
     <span class='ocr_line' id='line_1_14' title="bbox 138 881 1555 934; baseline -0.005 -8"><span class='ocrx_word' id='word_1_112' title='bbox 138 888 274 927; x_wconf 82' lang='lat' dir='ltr'>verius</span> <span class='ocrx_word' id='word_1_113' title='bbox 295 885 413 927; x_wconf 87' lang='lat' dir='ltr'><strong>MSS.</strong></span> <span class='ocrx_word' id='word_1_114' title='bbox 445 885 627 923; x_wconf 87' lang='lat' dir='ltr'>lectione</span> <span class='ocrx_word' id='word_1_115' title='bbox 648 882 743 931; x_wconf 66' lang='grc' dir='ltr'>πύλη</span> <span class='ocrx_word' id='word_1_116' title='bbox 759 911 770 930; x_wconf 83' lang='grc'><strong>,</strong></span> <span class='ocrx_word' id='word_1_117' title='bbox 801 895 922 934; x_wconf 85' lang='lat' dir='ltr'>quam</span> <span class='ocrx_word' id='word_1_118' title='bbox 947 881 1131 919; x_wconf 85' lang='lat' dir='ltr'>omnium</span> <span class='ocrx_word' id='word_1_119' title='bbox 1161 881 1326 919; x_wconf 81' lang='lat' dir='ltr'>illorum</span> <span class='ocrx_word' id='word_1_120' title='bbox 1349 881 1555 920; x_wconf 87' lang='lat' dir='ltr'>Codicum</span> 
     </span>
     <span class='ocr_line' id='line_1_15' title="bbox 137 936 1557 982; baseline -0.006 0"><span class='ocrx_word' id='word_1_121' title='bbox 137 942 219 982; x_wconf 73' lang='lat' dir='ltr'>fide</span> <span class='ocrx_word' id='word_1_122' title='bbox 249 941 453 980; x_wconf 80' lang='lat' dir='ltr'>nitentem</span> <span class='ocrx_word' id='word_1_123' title='bbox 483 938 699 977; x_wconf 73' lang='lat' dir='ltr'>intulimus</span> <span class='ocrx_word' id='word_1_124' title='bbox 731 938 775 974; x_wconf 85' lang='lat' dir='ltr'>iu</span> <span class='ocrx_word' id='word_1_125' title='bbox 808 946 981 975; x_wconf 82' lang='lat' dir='ltr'>textum.</span> <span class='ocrx_word' id='word_1_126' title='bbox 1023 949 1108 974; x_wconf 88' lang='lat' dir='ltr'>non</span> <span class='ocrx_word' id='word_1_127' title='bbox 1141 945 1274 975; x_wconf 74' lang='lat' dir='ltr'>tamen</span> <span class='ocrx_word' id='word_1_128' title='bbox 1293 936 1336 974; x_wconf 88' lang='lat' dir='ltr'>id</span> <span class='ocrx_word' id='word_1_129' title='bbox 1359 936 1557 976; x_wconf 82' lang='lat' dir='ltr'>vocabuli</span> 
     </span>
     <span class='ocr_line' id='line_1_16' title="bbox 138 990 1558 1052; baseline -0.004 -17"><span class='ocrx_word' id='word_1_130' title='bbox 138 1010 288 1052; x_wconf 83' lang='lat' dir='ltr'>genere</span> <span class='ocrx_word' id='word_1_131' title='bbox 321 993 475 1047; x_wconf 87' lang='lat' dir='ltr'>peioris</span> <span class='ocrx_word' id='word_1_132' title='bbox 509 1007 632 1032; x_wconf 81' lang='lat' dir='ltr'>sexus</span> <span class='ocrx_word' id='word_1_133' title='bbox 659 990 980 1046; x_wconf 87' lang='lat' dir='ltr'>intelligendum</span> <span class='ocrx_word' id='word_1_134' title='bbox 1002 1000 1087 1035; x_wconf 78' lang='lat' dir='ltr'>est,</span> <span class='ocrx_word' id='word_1_135' title='bbox 1118 991 1181 1029; x_wconf 86' lang='lat' dir='ltr'>uti</span> <span class='ocrx_word' id='word_1_136' title='bbox 1208 991 1344 1030; x_wconf 87' lang='lat' dir='ltr'>voluit</span> <span class='ocrx_word' id='word_1_137' title='bbox 1365 992 1558 1030; x_wconf 79' lang='lat' dir='ltr'>acutissi-</span> 
     </span>
     <span class='ocr_line' id='line_1_17' title="bbox 138 1046 1557 1102; baseline -0.003 -12"><span class='ocrx_word' id='word_1_138' title='bbox 138 1049 560 1102; x_wconf 80' lang='lat' dir='ltr'>muslungermannus</span> <span class='ocrx_word' id='word_1_139' title='bbox 581 1059 744 1087; x_wconf 79' lang='lat' dir='ltr'>noster:</span> <span class='ocrx_word' id='word_1_140' title='bbox 775 1046 885 1085; x_wconf 83' lang='lat' dir='ltr'>istud</span> <span class='ocrx_word' id='word_1_141' title='bbox 908 1046 1016 1086; x_wconf 90' lang='lat' dir='ltr'>enim</span> <span class='ocrx_word' id='word_1_142' title='bbox 1040 1055 1084 1084; x_wconf 88' lang='lat' dir='ltr'>tu</span> <span class='ocrx_word' id='word_1_143' title='bbox 1107 1059 1191 1099; x_wconf 89' lang='lat' dir='ltr'>quo</span> <span class='ocrx_word' id='word_1_144' title='bbox 1214 1056 1337 1099; x_wconf 85' lang='lat' dir='ltr'>pacto</span> <span class='ocrx_word' id='word_1_145' title='bbox 1356 1061 1557 1099; x_wconf 85' lang='lat' dir='ltr'>reponere</span> 
     </span>
     <span class='ocr_line' id='line_1_18' title="bbox 139 1101 1558 1161; baseline -0.004 -15"><span class='ocrx_word' id='word_1_146' title='bbox 139 1119 266 1161; x_wconf 83' lang='lat' dir='ltr'>queas</span> <span class='ocrx_word' id='word_1_147' title='bbox 291 1106 400 1145; x_wconf 84' lang='lat' dir='ltr'>inter</span> <span class='ocrx_word' id='word_1_148' title='bbox 431 1104 669 1144; x_wconf 83' lang='lat' dir='ltr'>Ionismos?</span> <span class='ocrx_word' id='word_1_149' title='bbox 699 1102 814 1141; x_wconf 83' lang='lat' dir='ltr'>vocis</span> <span class='ocrx_word' id='word_1_150' title='bbox 845 1101 958 1140; x_wconf 85' lang='lat' dir='ltr'>illius</span> <span class='ocrx_word' id='word_1_151' title='bbox 991 1115 1107 1139; x_wconf 81' lang='lat' dir='ltr'>usum</span> <span class='ocrx_word' id='word_1_152' title='bbox 1143 1115 1424 1150; x_wconf 83' lang='lat' dir='ltr'>communem,</span> <span class='ocrx_word' id='word_1_153' title='bbox 1469 1116 1558 1141; x_wconf 85' lang='lat' dir='ltr'>non</span> 
     </span>
     <span class='ocr_line' id='line_1_19' title="bbox 136 1156 1558 1212; baseline -0.004 -11"><span class='ocrx_word' id='word_1_154' title='bbox 136 1161 354 1211; x_wconf 85' lang='lat' dir='ltr'>Ionicum,</span> <span class='ocrx_word' id='word_1_155' title='bbox 388 1159 573 1199; x_wconf 74' lang='lat' dir='ltr'>ostendit</span> <span class='ocrx_word' id='word_1_156' title='bbox 605 1158 788 1212; x_wconf 80' lang='lat' dir='ltr'>segmine</span> <span class='ocrx_word' id='word_1_157' title='bbox 810 1166 1008 1211; x_wconf 84' lang='lat' dir='ltr'>sequente</span> <span class='ocrx_word' id='word_1_158' title='bbox 1033 1156 1481 1209; x_wconf 73' lang='lat' dir='ltr'>Onomaeticographus</span> <span class='ocrx_word' id='word_1_159' title='bbox 1503 1170 1558 1197; x_wconf 81' lang='lat' dir='ltr'>ex</span> 
     </span>
     <span class='ocr_line' id='line_1_20' title="bbox 139 1211 1555 1267; baseline -0.002 -13"><span class='ocrx_word' id='word_1_160' title='bbox 139 1216 398 1267; x_wconf 75' lang='lat' dir='ltr'>Antiphane,</span> <span class='ocrx_word' id='word_1_161' title='bbox 429 1214 531 1266; x_wconf 85' lang='lat' dir='ltr'>poni</span> <span class='ocrx_word' id='word_1_162' title='bbox 545 1214 706 1252; x_wconf 83' lang='lat' dir='ltr'>scilicet</span> <span class='ocrx_word' id='word_1_163' title='bbox 726 1212 776 1250; x_wconf 88' lang='lat' dir='ltr'>ab</span> <span class='ocrx_word' id='word_1_164' title='bbox 799 1226 847 1250; x_wconf 90' lang='lat' dir='ltr'>eo</span> <span class='ocrx_word' id='word_1_165' title='bbox 870 1226 944 1264; x_wconf 87' lang='lat' dir='ltr'>pro</span> <span class='ocrx_word' id='word_1_166' title='bbox 970 1211 1136 1250; x_wconf 83' lang='lat' dir='ltr'>culcitis</span> <span class='ocrx_word' id='word_1_167' title='bbox 1157 1221 1228 1250; x_wconf 79' lang='lat' dir='ltr'>aut</span> <span class='ocrx_word' id='word_1_168' title='bbox 1247 1212 1555 1263; x_wconf 76' lang='lat' dir='ltr'>pulvinaribus,</span> 
     </span>
     <span class='ocr_line' id='line_1_21' title="bbox 136 1267 1558 1319; baseline -0.005 -8"><span class='ocrx_word' id='word_1_169' title='bbox 136 1285 230 1311; x_wconf 77' lang='lat' dir='ltr'>curn</span> <span class='ocrx_word' id='word_1_170' title='bbox 253 1271 402 1311; x_wconf 78' lang='lat' dir='ltr'>Atticis</span> <span class='ocrx_word' id='word_1_171' title='bbox 424 1270 494 1308; x_wconf 78' lang='lat' dir='ltr'>illa</span> <span class='ocrx_word' id='word_1_172' title='bbox 525 1267 762 1307; x_wconf 87' lang='lat' dir='ltr'>dicerentur</span> <span class='ocrx_word' id='word_1_173' title='bbox 785 1270 940 1314; x_wconf 72' lang='grc' dir='ltr'>τυλεΐα,</span> <span class='ocrx_word' id='word_1_174' title='bbox 981 1268 1185 1319; x_wconf 73' lang='grc' dir='ltr'><strong><em>κνέφαλοι.</em></strong></span> <span class='ocrx_word' id='word_1_175' title='bbox 1218 1275 1264 1304; x_wconf 89' lang='lat' dir='ltr'>ut</span> <span class='ocrx_word' id='word_1_176' title='bbox 1294 1268 1482 1318; x_wconf 85' lang='lat' dir='ltr'>pluribus</span> <span class='ocrx_word' id='word_1_177' title='bbox 1504 1267 1558 1306; x_wconf 83' lang='lat' dir='ltr'>ad</span> 
     </span>
     <span class='ocr_line' id='line_1_22' title="bbox 135 1321 1556 1373; baseline -0.003 -7"><span class='ocrx_word' id='word_1_178' title='bbox 135 1326 255 1366; x_wconf 79' lang='lat' dir='ltr'>inum</span> <span class='ocrx_word' id='word_1_179' title='bbox 270 1328 421 1365; x_wconf 72' lang='lat' dir='ltr'>Iocum.</span> <span class='ocrx_word' id='word_1_180' title='bbox 461 1323 531 1362; x_wconf 87' lang='lat' dir='ltr'>hic</span> <span class='ocrx_word' id='word_1_181' title='bbox 552 1334 686 1362; x_wconf 81' lang='lat' dir='ltr'>tamen</span> <span class='ocrx_word' id='word_1_182' title='bbox 707 1322 815 1360; x_wconf 90' lang='lat' dir='ltr'>idem</span> <span class='ocrx_word' id='word_1_183' title='bbox 844 1322 914 1362; x_wconf 89' lang='lat' dir='ltr'>ille</span> <span class='ocrx_word' id='word_1_184' title='bbox 937 1323 1087 1361; x_wconf 79' lang='lat' dir='ltr'>referat</span> <span class='ocrx_word' id='word_1_185' title='bbox 1108 1321 1346 1373; x_wconf 79' lang='lat' dir='ltr'>Eupolidem</span> <span class='ocrx_word' id='word_1_186' title='bbox 1367 1322 1410 1361; x_wconf 86' lang='lat' dir='ltr'>id</span> <span class='ocrx_word' id='word_1_187' title='bbox 1434 1337 1556 1362; x_wconf 78' lang='lat' dir='ltr'>voca-</span> 
     </span>
     <span class='ocr_line' id='line_1_23' title="bbox 136 1377 1556 1433; baseline -0.002 -13"><span class='ocrx_word' id='word_1_188' title='bbox 136 1381 279 1421; x_wconf 81' lang='lat' dir='ltr'>bulum</span> <span class='ocrx_word' id='word_1_189' title='bbox 314 1390 456 1433; x_wconf 73' lang='lat' dir='ltr'>postea</span> <span class='ocrx_word' id='word_1_190' title='bbox 496 1377 878 1431; x_wconf 85' lang='lat' dir='ltr'>reprehendendum</span> <span class='ocrx_word' id='word_1_191' title='bbox 923 1387 964 1417; x_wconf 90' lang='lat' dir='ltr'>et</span> <span class='ocrx_word' id='word_1_192' title='bbox 1003 1377 1179 1416; x_wconf 71' lang='lat' dir='ltr'>vilitatis</span> <span class='ocrx_word' id='word_1_193' title='bbox 1228 1377 1556 1417; x_wconf 85' lang='lat' dir='ltr'>insimulandum</span> 
     </span>
     <span class='ocr_line' id='line_1_24' title="bbox 137 1432 1558 1489; baseline -0.001 -13"><span class='ocrx_word' id='word_1_194' title='bbox 137 1449 369 1489; x_wconf 77' lang='lat' dir='ltr'>usurpasse,</span> <span class='ocrx_word' id='word_1_195' title='bbox 399 1449 491 1474; x_wconf 89' lang='lat' dir='ltr'>cum</span> <span class='ocrx_word' id='word_1_196' title='bbox 520 1435 698 1472; x_wconf 67' lang='lat' dir='ltr'>Comicus</span> <span class='ocrx_word' id='word_1_197' title='bbox 718 1433 797 1472; x_wconf 81' lang='lat' dir='ltr'>iste</span> <span class='ocrx_word' id='word_1_198' title='bbox 819 1435 944 1473; x_wconf 85' lang='lat' dir='ltr'>vellet</span> <span class='ocrx_word' id='word_1_199' title='bbox 965 1432 1100 1482; x_wconf 70' lang='grc' dir='ltr'>ἰάζειν.</span> <span class='ocrx_word' id='word_1_200' title='bbox 1137 1432 1239 1471; x_wconf 90' lang='lat' dir='ltr'>mihi</span> <span class='ocrx_word' id='word_1_201' title='bbox 1262 1433 1429 1485; x_wconf 85' lang='lat' dir='ltr'>quidem</span> <span class='ocrx_word' id='word_1_202' title='bbox 1452 1434 1558 1474; x_wconf 79' lang='lat' dir='ltr'>haec</span> 
     </span>
     <span class='ocr_line' id='line_1_25' title="bbox 138 1488 1558 1544; baseline -0.001 -12"><span class='ocrx_word' id='word_1_203' title='bbox 138 1507 161 1532; x_wconf 79' lang='lat' dir='ltr'>a</span> <span class='ocrx_word' id='word_1_204' title='bbox 181 1491 355 1532; x_wconf 74' lang='lat' dir='ltr'>veritate</span> <span class='ocrx_word' id='word_1_205' title='bbox 379 1492 525 1544; x_wconf 81' lang='lat' dir='ltr'>procul</span> <span class='ocrx_word' id='word_1_206' title='bbox 556 1499 710 1528; x_wconf 88' lang='lat' dir='ltr'>remota</span> <span class='ocrx_word' id='word_1_207' title='bbox 732 1488 949 1536; x_wconf 84' lang='lat' dir='ltr'>videntur,</span> <span class='ocrx_word' id='word_1_208' title='bbox 981 1498 1023 1527; x_wconf 86' lang='lat' dir='ltr'>et</span> <span class='ocrx_word' id='word_1_209' title='bbox 1043 1501 1120 1543; x_wconf 83' lang='lat' dir='ltr'>ego</span> <span class='ocrx_word' id='word_1_210' title='bbox 1151 1491 1215 1528; x_wconf 89' lang='lat' dir='ltr'>vel</span> <span class='ocrx_word' id='word_1_211' title='bbox 1236 1488 1457 1528; x_wconf 84' lang='lat' dir='ltr'>admodum</span> <span class='ocrx_word' id='word_1_212' title='bbox 1491 1504 1558 1530; x_wconf 79' lang='lat' dir='ltr'>mo</span> 
     </span>
     <span class='ocr_line' id='line_1_26' title="bbox 139 1543 1556 1598; baseline -0.003 -11"><span class='ocrx_word' id='word_1_213' title='bbox 139 1548 262 1598; x_wconf 78' lang='lat' dir='ltr'>fallo,</span> <span class='ocrx_word' id='word_1_214' title='bbox 289 1548 355 1586; x_wconf 80' lang='lat' dir='ltr'>vel</span> <span class='ocrx_word' id='word_1_215' title='bbox 385 1560 462 1585; x_wconf 82' lang='lat' dir='ltr'>acu</span> <span class='ocrx_word' id='word_1_216' title='bbox 491 1559 574 1584; x_wconf 85' lang='lat' dir='ltr'>rem</span> <span class='ocrx_word' id='word_1_217' title='bbox 610 1545 756 1598; x_wconf 86' lang='lat' dir='ltr'>tetigi,</span> <span class='ocrx_word' id='word_1_218' title='bbox 786 1544 860 1582; x_wconf 78' lang='lat' dir='ltr'>nbi</span> <span class='ocrx_word' id='word_1_219' title='bbox 889 1544 1081 1597; x_wconf 73' lang='lat' dir='ltr'>superius</span> <span class='ocrx_word' id='word_1_220' title='bbox 1111 1543 1162 1582; x_wconf 86' lang='lat' dir='ltr'>ad</span> <span class='ocrx_word' id='word_1_221' title='bbox 1193 1544 1266 1588; x_wconf 84' lang='lat' dir='ltr'>lib,</span> <span class='ocrx_word' id='word_1_222' title='bbox 1301 1545 1397 1589; x_wconf 77' lang='lat' dir='ltr'>vll,</span> <span class='ocrx_word' id='word_1_223' title='bbox 1428 1559 1556 1598; x_wconf 86' lang='lat' dir='ltr'>segm.</span> 
     </span>
     <span class='ocr_line' id='line_1_27' title="bbox 143 1597 1555 1650; baseline -0.002 -8"><span class='ocrx_word' id='word_1_224' title='bbox 143 1614 233 1644; x_wconf 78' lang='lat'>121.</span> <span class='ocrx_word' id='word_1_225' title='bbox 251 1601 484 1642; x_wconf 79' lang='lat' dir='ltr'>existimare</span> <span class='ocrx_word' id='word_1_226' title='bbox 507 1615 570 1639; x_wconf 88' lang='lat' dir='ltr'>me</span> <span class='ocrx_word' id='word_1_227' title='bbox 591 1599 775 1639; x_wconf 84' lang='lat' dir='ltr'>dicebam</span> <span class='ocrx_word' id='word_1_228' title='bbox 796 1597 889 1650; x_wconf 67' lang='grc' dir='ltr'>πύλη</span> <span class='ocrx_word' id='word_1_229' title='bbox 911 1613 1122 1639; x_wconf 88' lang='lat' dir='ltr'>numerum</span> <span class='ocrx_word' id='word_1_230' title='bbox 1144 1613 1232 1639; x_wconf 83' lang='lat' dir='ltr'>esse</span> <span class='ocrx_word' id='word_1_231' title='bbox 1252 1599 1555 1648; x_wconf 82' lang='lat' dir='ltr'>multitudinis,</span> 
     </span>
     <span class='ocr_line' id='line_1_28' title="bbox 141 1651 1557 1708; baseline -0.001 -11"><span class='ocrx_word' id='word_1_232' title='bbox 141 1671 164 1697; x_wconf 76' lang='lat' dir='ltr'>a</span> <span class='ocrx_word' id='word_1_233' title='bbox 183 1651 318 1707; x_wconf 71' lang='grc' dir='ltr'><strong><em>ω’λος,</em></strong></span> <span class='ocrx_word' id='word_1_234' title='bbox 351 1669 433 1708; x_wconf 87' lang='lat' dir='ltr'>quo</span> <span class='ocrx_word' id='word_1_235' title='bbox 462 1657 583 1695; x_wconf 82' lang='lat' dir='ltr'>Iones</span> <span class='ocrx_word' id='word_1_236' title='bbox 613 1655 678 1694; x_wconf 82' lang='lat' dir='ltr'>usi</span> <span class='ocrx_word' id='word_1_237' title='bbox 711 1656 869 1694; x_wconf 87' lang='lat' dir='ltr'>fuerint</span> <span class='ocrx_word' id='word_1_238' title='bbox 900 1669 976 1708; x_wconf 87' lang='lat' dir='ltr'>pro</span> <span class='ocrx_word' id='word_1_239' title='bbox 1008 1655 1246 1707; x_wconf 85' lang='lat' dir='ltr'>pulvinari,</span> <span class='ocrx_word' id='word_1_240' title='bbox 1283 1669 1356 1694; x_wconf 83' lang='lat' dir='ltr'>seu</span> <span class='ocrx_word' id='word_1_241' title='bbox 1387 1655 1557 1695; x_wconf 81' lang='lat' dir='ltr'>culcita.</span> 
     </span>
     <span class='ocr_line' id='line_1_29' title="bbox 140 1709 1555 1765; baseline -0.002 -14"><span class='ocrx_word' id='word_1_242' title='bbox 140 1710 306 1765; x_wconf 72' lang='lat' dir='ltr'>pondus</span> <span class='ocrx_word' id='word_1_243' title='bbox 330 1709 488 1751; x_wconf 80' lang='lat' dir='ltr'>addunt</span> <span class='ocrx_word' id='word_1_244' title='bbox 518 1711 606 1763; x_wconf 86' lang='lat' dir='ltr'>ipsa</span> <span class='ocrx_word' id='word_1_245' title='bbox 642 1711 818 1763; x_wconf 80' lang='lat' dir='ltr'>Comici,</span> <span class='ocrx_word' id='word_1_246' title='bbox 846 1720 894 1749; x_wconf 88' lang='lat' dir='ltr'>ut</span> <span class='ocrx_word' id='word_1_247' title='bbox 921 1710 1035 1749; x_wconf 90' lang='lat' dir='ltr'>dicto</span> <span class='ocrx_word' id='word_1_248' title='bbox 1071 1712 1166 1749; x_wconf 89' lang='lat' dir='ltr'>loco</span> <span class='ocrx_word' id='word_1_249' title='bbox 1193 1713 1314 1761; x_wconf 86' lang='lat' dir='ltr'>plena</span> <span class='ocrx_word' id='word_1_250' title='bbox 1341 1712 1555 1764; x_wconf 86' lang='lat' dir='ltr'>leguntur,</span> 
     </span>
     <span class='ocr_line' id='line_1_30' title="bbox 139 1764 1560 1819; baseline -0.001 -12"><span class='ocrx_word' id='word_1_251' title='bbox 139 1767 243 1807; x_wconf 78' lang='lat' dir='ltr'>haec</span> <span class='ocrx_word' id='word_1_252' title='bbox 271 1765 417 1807; x_wconf 82' lang='lat' dir='ltr'>verba:</span> <span class='ocrx_word' id='word_1_253' title='bbox 462 1765 720 1818; x_wconf 75' lang='grc' dir='ltr'>Κεκρύφαλοί</span> <span class='ocrx_word' id='word_1_254' title='bbox 745 1781 787 1807; x_wconf 82' lang='grc' dir='ltr'>τε</span> <span class='ocrx_word' id='word_1_255' title='bbox 821 1769 888 1807; x_wconf 76' lang='grc' dir='ltr'>καὶ</span> <span class='ocrx_word' id='word_1_256' title='bbox 918 1764 1037 1815; x_wconf 69' lang='grc' dir='ltr'><em>πύλη·</em></span> <span class='ocrx_word' id='word_1_257' title='bbox 1069 1775 1116 1804; x_wconf 89' lang='lat' dir='ltr'>ut</span> <span class='ocrx_word' id='word_1_258' title='bbox 1137 1765 1251 1819; x_wconf 84' lang='lat' dir='ltr'>prius</span> <span class='ocrx_word' id='word_1_259' title='bbox 1274 1765 1407 1815; x_wconf 87' lang='lat' dir='ltr'>enim,</span> <span class='ocrx_word' id='word_1_260' title='bbox 1437 1766 1560 1805; x_wconf 78' lang='lat' dir='ltr'>sicet</span> 
     </span>
     <span class='ocr_line' id='line_1_31' title="bbox 140 1820 1561 1877; baseline -0.001 -16"><span class='ocrx_word' id='word_1_261' title='bbox 140 1821 346 1877; x_wconf 78' lang='lat' dir='ltr'>posterius</span> <span class='ocrx_word' id='word_1_262' title='bbox 368 1821 412 1860; x_wconf 87' lang='lat' dir='ltr'>in</span> <span class='ocrx_word' id='word_1_263' title='bbox 449 1821 520 1861; x_wconf 81' lang='lat' dir='ltr'>illa</span> <span class='ocrx_word' id='word_1_264' title='bbox 556 1821 805 1861; x_wconf 71' lang='lat' dir='ltr'>domesticae</span> <span class='ocrx_word' id='word_1_265' title='bbox 841 1821 1113 1874; x_wconf 82' lang='lat' dir='ltr'>supellectilis</span> <span class='ocrx_word' id='word_1_266' title='bbox 1150 1821 1392 1859; x_wconf 81' lang='lat' dir='ltr'>recensione</span> <span class='ocrx_word' id='word_1_267' title='bbox 1426 1820 1561 1860; x_wconf 84' lang='lat' dir='ltr'>fuisso</span> 
     </span>
     <span class='ocr_line' id='line_1_32' title="bbox 141 1876 1558 1931; baseline -0.002 -14"><span class='ocrx_word' id='word_1_268' title='bbox 141 1878 321 1931; x_wconf 79' lang='lat' dir='ltr'>positum</span> <span class='ocrx_word' id='word_1_269' title='bbox 360 1877 404 1915; x_wconf 90' lang='lat' dir='ltr'>in</span> <span class='ocrx_word' id='word_1_270' title='bbox 444 1876 625 1917; x_wconf 79' lang='lat' dir='ltr'>secundo</span> <span class='ocrx_word' id='word_1_271' title='bbox 667 1891 837 1916; x_wconf 91' lang='lat' dir='ltr'>numero</span> <span class='ocrx_word' id='word_1_272' title='bbox 875 1890 940 1915; x_wconf 85' lang='lat' dir='ltr'>res</span> <span class='ocrx_word' id='word_1_273' title='bbox 972 1877 1061 1929; x_wconf 81' lang='lat' dir='ltr'>ipsa</span> <span class='ocrx_word' id='word_1_274' title='bbox 1098 1876 1341 1929; x_wconf 85' lang='lat' dir='ltr'>persuadere</span> <span class='ocrx_word' id='word_1_275' title='bbox 1376 1876 1558 1915; x_wconf 85' lang='lat' dir='ltr'>videtur.</span> 
     </span>
     <span class='ocr_line' id='line_1_33' title="bbox 140 1932 1556 1988; baseline 0 -14"><span class='ocrx_word' id='word_1_276' title='bbox 140 1933 272 1974; x_wconf 76' lang='lat' dir='ltr'>Porro</span> <span class='ocrx_word' id='word_1_277' title='bbox 292 1932 391 1982; x_wconf 85' lang='lat' dir='ltr'>VII,</span> <span class='ocrx_word' id='word_1_278' title='bbox 425 1946 511 1988; x_wconf 86' lang='lat'>¹9¹·</span> <span class='ocrx_word' id='word_1_279' title='bbox 541 1933 672 1971; x_wconf 79' lang='lat' dir='ltr'>varias</span> <span class='ocrx_word' id='word_1_280' title='bbox 700 1933 859 1970; x_wconf 82' lang='lat' dir='ltr'>Auctor</span> <span class='ocrx_word' id='word_1_281' title='bbox 886 1942 1027 1971; x_wconf 88' lang='lat' dir='ltr'>noster</span> <span class='ocrx_word' id='word_1_282' title='bbox 1046 1946 1169 1971; x_wconf 86' lang='lat' dir='ltr'>voces</span> <span class='ocrx_word' id='word_1_283' title='bbox 1186 1942 1401 1971; x_wconf 88' lang='lat' dir='ltr'>enumerat</span> <span class='ocrx_word' id='word_1_284' title='bbox 1420 1935 1556 1974; x_wconf 77' lang='grc' dir='ltr'><strong><em>τυλεῒα</em></strong></span> 
     </span>
     <span class='ocr_line' id='line_1_34' title="bbox 141 1986 1560 2043; baseline -0.004 -13"><span class='ocrx_word' id='word_1_285' title='bbox 141 1988 380 2043; x_wconf 66' lang='grc' dir='ltr'><strong><em>λινορᾄφῆ,</em></strong></span> <span class='ocrx_word' id='word_1_286' title='bbox 410 1989 471 2027; x_wconf 84' lang='lat' dir='ltr'>sio</span> <span class='ocrx_word' id='word_1_287' title='bbox 494 1989 603 2027; x_wconf 87' lang='lat' dir='ltr'>enirn</span> <span class='ocrx_word' id='word_1_288' title='bbox 625 1997 666 2027; x_wconf 91' lang='lat' dir='ltr'>et</span> <span class='ocrx_word' id='word_1_289' title='bbox 694 1987 754 2025; x_wconf 92' lang='lat' dir='ltr'>ibi</span> <span class='ocrx_word' id='word_1_290' title='bbox 772 1986 1014 2040; x_wconf 85' lang='lat' dir='ltr'>legendum,</span> <span class='ocrx_word' id='word_1_291' title='bbox 1046 2002 1068 2028; x_wconf 91' lang='lat' dir='ltr'>e</span> <span class='ocrx_word' id='word_1_292' title='bbox 1096 1987 1316 2038; x_wconf 79' lang='lat' dir='ltr'>Sophocle,</span> <span class='ocrx_word' id='word_1_293' title='bbox 1346 2002 1396 2027; x_wconf 86' lang='lat' dir='ltr'>ex</span> <span class='ocrx_word' id='word_1_294' title='bbox 1418 1988 1560 2038; x_wconf 82' lang='lat' dir='ltr'>Eupo-</span> 
     </span>
     <span class='ocr_line' id='line_1_35' title="bbox 143 2041 1558 2097; baseline -0.001 -15"><span class='ocrx_word' id='word_1_295' title='bbox 143 2043 226 2082; x_wconf 67' lang='lat' dir='ltr'>nde</span> <span class='ocrx_word' id='word_1_296' title='bbox 245 2042 352 2093; x_wconf 68' lang='grc' dir='ltr'><strong><em>πύλη,</em></strong></span> <span class='ocrx_word' id='word_1_297' title='bbox 379 2042 559 2097; x_wconf 88' lang='lat' dir='ltr'>denique</span> <span class='ocrx_word' id='word_1_298' title='bbox 580 2057 631 2082; x_wconf 87' lang='lat' dir='ltr'>ex</span> <span class='ocrx_word' id='word_1_299' title='bbox 649 2044 893 2095; x_wconf 75' lang='lat' dir='ltr'>Antiphane</span> <span class='ocrx_word' id='word_1_300' title='bbox 914 2041 1045 2093; x_wconf 75' lang='grc' dir='ltr'><strong><em>πύλας,</em></strong></span> <span class='ocrx_word' id='word_1_301' title='bbox 1075 2057 1160 2082; x_wconf 85' lang='lat' dir='ltr'>non</span> <span class='ocrx_word' id='word_1_302' title='bbox 1185 2056 1283 2081; x_wconf 78' lang='lat' dir='ltr'>sane</span> <span class='ocrx_word' id='word_1_303' title='bbox 1300 2056 1398 2082; x_wconf 86' lang='lat' dir='ltr'>vero</span> <span class='ocrx_word' id='word_1_304' title='bbox 1420 2041 1558 2094; x_wconf 80' lang='lat' dir='ltr'>dupli-</span> 
     </span>
     <span class='ocr_line' id='line_1_36' title="bbox 144 2096 1559 2148; baseline -0.003 -10"><span class='ocrx_word' id='word_1_305' title='bbox 144 2112 229 2138; x_wconf 73' lang='lat' dir='ltr'>oum</span> <span class='ocrx_word' id='word_1_306' title='bbox 247 2097 382 2137; x_wconf 71' lang='lat' dir='ltr'>adfert</span> <span class='ocrx_word' id='word_1_307' title='bbox 407 2098 591 2138; x_wconf 82' lang='lat' dir='ltr'>eiusdem</span> <span class='ocrx_word' id='word_1_308' title='bbox 623 2099 739 2137; x_wconf 82' lang='lat' dir='ltr'>vocis</span> <span class='ocrx_word' id='word_1_309' title='bbox 766 2096 860 2148; x_wconf 78' lang='grc' dir='ltr'><strong><em>τύλη</em></strong></span> <span class='ocrx_word' id='word_1_310' title='bbox 886 2099 1187 2140; x_wconf 84' lang='lat' dir='ltr'>auctoritatem.</span> <span class='ocrx_word' id='word_1_311' title='bbox 1244 2098 1294 2135; x_wconf 88' lang='lat' dir='ltr'>In</span> <span class='ocrx_word' id='word_1_312' title='bbox 1319 2097 1467 2136; x_wconf 82' lang='lat' dir='ltr'>summi</span> <span class='ocrx_word' id='word_1_313' title='bbox 1486 2111 1559 2135; x_wconf 83' lang='lat' dir='ltr'>au-</span> 
     </span>
     <span class='ocr_line' id='line_1_37' title="bbox 143 2151 1563 2206; baseline 0 -14"><span class='ocrx_word' id='word_1_314' title='bbox 143 2161 224 2194; x_wconf 71' lang='lat' dir='ltr'>tem</span> <span class='ocrx_word' id='word_1_315' title='bbox 260 2156 428 2206; x_wconf 63' lang='lat' dir='ltr'>Tragici</span> <span class='ocrx_word' id='word_1_316' title='bbox 456 2156 551 2193; x_wconf 91' lang='lat' dir='ltr'>loco</span> <span class='ocrx_word' id='word_1_317' title='bbox 583 2154 767 2192; x_wconf 75' lang='lat' dir='ltr'>Kuehnio</span> <span class='ocrx_word' id='word_1_318' title='bbox 794 2153 1096 2193; x_wconf 80' lang='lat' dir='ltr'>restituendum</span> <span class='ocrx_word' id='word_1_319' title='bbox 1126 2152 1319 2192; x_wconf 80' lang='lat' dir='ltr'>consensi</span> <span class='ocrx_word' id='word_1_320' title='bbox 1337 2151 1563 2206; x_wconf 76' lang='grc' dir='ltr'><strong><em>λινορῥαφῆ</em></strong></span> 
     </span>
     <span class='ocr_line' id='line_1_38' title="bbox 145 2205 1561 2260; baseline -0.001 -8"><span class='ocrx_word' id='word_1_321' title='bbox 145 2209 296 2260; x_wconf 55' lang='lat' dir='ltr'>wiern,</span> <span class='ocrx_word' id='word_1_322' title='bbox 323 2218 517 2247; x_wconf 73' lang='lat' dir='ltr'>consutae</span> <span class='ocrx_word' id='word_1_323' title='bbox 545 2210 629 2247; x_wconf 78' lang='lat' dir='ltr'>lino</span> <span class='ocrx_word' id='word_1_324' title='bbox 657 2208 855 2259; x_wconf 74' lang='lat' dir='ltr'>culcitas,</span> <span class='ocrx_word' id='word_1_325' title='bbox 886 2210 1074 2260; x_wconf 84' lang='lat' dir='ltr'>quamvis</span> <span class='ocrx_word' id='word_1_326' title='bbox 1106 2218 1147 2248; x_wconf 88' lang='lat' dir='ltr'>et</span> <span class='ocrx_word' id='word_1_327' title='bbox 1175 2205 1312 2250; x_wconf 75' lang='grc' dir='ltr'><strong><em>τύλεια</em></strong></span> <span class='ocrx_word' id='word_1_328' title='bbox 1339 2210 1403 2246; x_wconf 89' lang='lat' dir='ltr'>vel</span> <span class='ocrx_word' id='word_1_329' title='bbox 1429 2205 1561 2250; x_wconf 79' lang='grc' dir='ltr'><strong><em>τύλια·</em></strong></span> 
     </span>
     <span class='ocr_line' id='line_1_39' title="bbox 144 2261 1562 2317; baseline 0.001 -16"><span class='ocrx_word' id='word_1_330' title='bbox 144 2276 230 2302; x_wconf 79' lang='lat' dir='ltr'>non</span> <span class='ocrx_word' id='word_1_331' title='bbox 254 2264 515 2317; x_wconf 50' lang='lat' dir='ltr'>conveniunt</span> <span class='ocrx_word' id='word_1_332' title='bbox 543 2265 652 2303; x_wconf 88' lang='lat' dir='ltr'>enim</span> <span class='ocrx_word' id='word_1_333' title='bbox 682 2264 724 2302; x_wconf 91' lang='lat' dir='ltr'>in</span> <span class='ocrx_word' id='word_1_334' title='bbox 747 2272 922 2303; x_wconf 88' lang='lat' dir='ltr'>accentu</span> <span class='ocrx_word' id='word_1_335' title='bbox 942 2263 1138 2316; x_wconf 87' lang='lat' dir='ltr'>ponendo</span> <span class='ocrx_word' id='word_1_336' title='bbox 1159 2264 1279 2303; x_wconf 89' lang='lat' dir='ltr'><strong>MSS.</strong></span> <span class='ocrx_word' id='word_1_337' title='bbox 1310 2261 1437 2300; x_wconf 82' lang='lat' dir='ltr'>scribi</span> <span class='ocrx_word' id='word_1_338' title='bbox 1458 2278 1562 2316; x_wconf 89' lang='lat' dir='ltr'>pos-</span> 
     </span>
     <span class='ocr_line' id='line_1_40' title="bbox 147 2316 1562 2372; baseline 0.004 -17"><span class='ocrx_word' id='word_1_339' title='bbox 147 2316 222 2358; x_wconf 59' lang='lat' dir='ltr'>aiu.</span> <span class='ocrx_word' id='word_1_340' title='bbox 253 2332 357 2372; x_wconf 80' lang='lat' dir='ltr'>qnae</span> <span class='ocrx_word' id='word_1_341' title='bbox 373 2319 499 2358; x_wconf 87' lang='lat' dir='ltr'>lectio</span> <span class='ocrx_word' id='word_1_342' title='bbox 526 2319 682 2358; x_wconf 84' lang='lat' dir='ltr'>affatim</span> <span class='ocrx_word' id='word_1_343' title='bbox 704 2318 908 2358; x_wconf 82' lang='lat' dir='ltr'>adseritur</span> <span class='ocrx_word' id='word_1_344' title='bbox 924 2329 963 2358; x_wconf 81' lang='lat' dir='ltr'>et</span> <span class='ocrx_word' id='word_1_345' title='bbox 987 2317 1282 2371; x_wconf 81' lang='lat' dir='ltr'>sequentibus=</span> <span class='ocrx_word' id='word_1_346' title='bbox 1311 2316 1366 2359; x_wconf 73' lang='lat' dir='ltr'>uir</span> <span class='ocrx_word' id='word_1_347' title='bbox 1383 2320 1450 2360; x_wconf 75' lang='grc' dir='ltr'>καὶ</span> <span class='ocrx_word' id='word_1_348' title='bbox 1469 2317 1562 2370; x_wconf 71' lang='grc' dir='ltr'>τούς</span> 
     </span>
     <span class='ocr_line' id='line_1_41' title="bbox 149 2370 1562 2426; baseline -0.001 -13"><span class='ocrx_word' id='word_1_349' title='bbox 149 2370 342 2424; x_wconf 56' lang='lat' dir='ltr'>vivitne,</span> <span class='ocrx_word' id='word_1_350' title='bbox 378 2388 548 2426; x_wconf 84' lang='lat' dir='ltr'>quorum</span> <span class='ocrx_word' id='word_1_351' title='bbox 580 2377 704 2412; x_wconf 80' lang='lat' dir='ltr'>etiam</span> <span class='ocrx_word' id='word_1_352' title='bbox 741 2375 927 2424; x_wconf 76' lang='grc' dir='ltr'>(τυλείων</span> <span class='ocrx_word' id='word_1_353' title='bbox 956 2374 1048 2412; x_wconf 87' lang='lat' dir='ltr'>scili</span> <span class='ocrx_word' id='word_1_354' title='bbox 1103 2375 1148 2425; x_wconf 89' lang='lat' dir='ltr'>t)</span> <span class='ocrx_word' id='word_1_355' title='bbox 1178 2374 1360 2422; x_wconf 76' lang='lat' dir='ltr'>artifices</span> <span class='ocrx_word' id='word_1_356' title='bbox 1399 2374 1562 2413; x_wconf 76' lang='lat' dir='ltr'>videtur</span> 
     </span>
     <span class='ocr_line' id='line_1_42' title="bbox 149 2388 1562 2482; baseline 0.003 -18"><span class='ocrx_word' id='word_1_357' title='bbox 149 2427 372 2479; x_wconf 69' lang='lat' dir='ltr'>Hyperides</span> <span class='ocrx_word' id='word_1_358' title='bbox 394 2432 439 2468; x_wconf 85' lang='lat' dir='ltr'>in</span> <span class='ocrx_word' id='word_1_359' title='bbox 457 2431 534 2468; x_wconf 83' lang='lat' dir='ltr'>illa</span> <span class='ocrx_word' id='word_1_360' title='bbox 553 2444 670 2482; x_wconf 75' lang='lat' dir='ltr'>super</span> <span class='ocrx_word' id='word_1_361' title='bbox 691 2432 867 2468; x_wconf 78' lang='lat' dir='ltr'>victoria</span> <span class='ocrx_word' id='word_1_362' title='bbox 889 2388 1125 2478; x_wconf 48' lang='lat' dir='ltr'>nominaae„</span> <span class='ocrx_word' id='word_1_363' title='bbox 1154 2430 1341 2480; x_wconf 67' lang='lat' dir='ltr'>inquiens</span> <span class='ocrx_word' id='word_1_364' title='bbox 1349 2445 1364 2478; x_wconf 90' lang='lat'><em>;</em></span> <span class='ocrx_word' id='word_1_365' title='bbox 1397 2429 1562 2468; x_wconf 82' lang='lat' dir='ltr'>Condu-</span> 
     </span>
     <span class='ocr_line' id='line_1_43' title="bbox 149 2481 1559 2539; baseline 0 -16"><span class='ocrx_word' id='word_1_366' title='bbox 149 2481 215 2520; x_wconf 61' lang='grc' dir='ltr'>8ἰὶ</span> <span class='ocrx_word' id='word_1_367' title='bbox 233 2481 489 2536; x_wconf 46' lang='lat' dir='ltr'>waveduns.</span> <span class='ocrx_word' id='word_1_368' title='bbox 549 2484 636 2539; x_wconf 79' lang='lat' dir='ltr'>Qui</span> <span class='ocrx_word' id='word_1_369' title='bbox 657 2498 754 2524; x_wconf 87' lang='lat' dir='ltr'>vero</span> <span class='ocrx_word' id='word_1_370' title='bbox 774 2486 931 2527; x_wconf 72' lang='grc' dir='ltr'><strong><em>τυλείαν</em></strong></span> <span class='ocrx_word' id='word_1_371' title='bbox 954 2497 1152 2535; x_wconf 84' lang='lat' dir='ltr'>reponere</span> <span class='ocrx_word' id='word_1_372' title='bbox 1173 2482 1444 2531; x_wconf 82' lang='lat' dir='ltr'>studuerunt,</span> <span class='ocrx_word' id='word_1_373' title='bbox 1475 2499 1559 2524; x_wconf 88' lang='lat' dir='ltr'>rem</span> 
     </span>
    </p>
   </div>
   <div class='ocr_carea' id='block_1_3' title="bbox 149 2537 1560 2784">
    <p class='ocr_par' dir='ltr' id='par_1_3' title="bbox 149 2537 1560 2784">
     <span class='ocr_line' id='line_1_44' title="bbox 149 2537 1560 2784; baseline -0.001 -210"><span class='ocrx_word' id='word_1_374' title='bbox 149 2548 317 2588; x_wconf 78' lang='lat' dir='ltr'>prorsus</span> <span class='ocrx_word' id='word_1_375' title='bbox 330 2538 585 2588; x_wconf 83' lang='lat' dir='ltr'>inauditam,</span> <span class='ocrx_word' id='word_1_376' title='bbox 618 2549 663 2580; x_wconf 86' lang='lat' dir='ltr'>ut</span> <span class='ocrx_word' id='word_1_377' title='bbox 680 2540 856 2595; x_wconf 76' lang='lat' dir='ltr'>opinor,</span> <span class='ocrx_word' id='word_1_378' title='bbox 887 2537 1223 2784; x_wconf 37' lang='lat' dir='ltr'>&amp;azimun</span> <span class='ocrx_word' id='word_1_379' title='bbox 1245 2538 1346 2580; x_wconf 81' lang='lat' dir='ltr'>alibi</span> <span class='ocrx_word' id='word_1_380' title='bbox 1367 2541 1478 2581; x_wconf 85' lang='lat' dir='ltr'>enim</span> <span class='ocrx_word' id='word_1_381' title='bbox 1496 2558 1560 2584; x_wconf 82' lang='grc' dir='ltr'>τυ.</span> 
     </span>
    </p>
   </div>
  </div>
 </body>
</html>
