1656 3008
174 220 257 263 860
803 219 881 260 IX.
936 225 977 265 2-

284 325 596 383 προσομιλήσας]
634 328 740 371 Cum
770 331 958 371 Kuehm‘o
981 331 1280 386 προομιλήσας”
1266 346 1310 372 in
1332 341 1453 374 textu
1471 334 1602 374 resti-

175 384 256 425 tui.
312 386 461 438 [Recte
479 388 607 440 vulgo
623 383 921 440 προσομιλήσας.
966 389 1140 444 Alioqui
1159 404 1245 428 non
1268 388 1450 429 dixisset
1466 388 1599 432 πάλαι.

177 441 295 495 Quin
327 442 384 495 τῷ
415 443 685 496 συγγράμματι
716 449 948 497 προομιλεῖν
978 459 1065 484 non
1093 444 1241 498 probo.
1304 444 1396 485 Imo
1425 445 1599 485 omnino
1647 443 1650 446 ’

172 501 436 566 προσομιλεῖν.
493 504 604 535 Τοῦτ.
618 498 634 550 ]

281 569 348 594 και
365 551 437 604 τὴν
457 554 618 605 χρείαν]
650 553 815 593 Deest
803 567 846 591 m
869 553 959 595 MS.
983 556 1061 596 καί,
1118 562 1226 596 Imm,

283 605 385 661 πρὸς
403 605 447 649 τὸ
466 609 637 678 βλέπον]
667 609 880 648 Praeclara
901 619 962 649 est
983 610 1110 650 lectio
1126 612 1174 654 C.
1187 611 1236 652 V.
1258 607 1359 666 πρὸς
1379 608 1424 653 τὸ
1446 609 1600 654 αλυπον

174 665 408 716 σοφίζεσθαί
435 680 492 713 τι,
521 663 622 718 πρὸς
649 663 692 705 τὸ
713 664 863 706 ἄλυπον
890 675 952 704 est
976 675 1061 705 arte
1080 664 1266 714 efficere,
1298 676 1346 705 ut
1367 666 1599 706 taediosum

173 718 286 774 quod
316 728 403 768 est,
446 719 556 758 nihil
586 719 777 785 amplius.
789 720 966 770 habeat,
998 735 1080 776 quo
1105 721 1378 761 offendantur
1403 725 1598 774 lectores,

174 774 332 830 idque
320 788 410 827 ipse
433 775 602 845 egregie
625 775 836 828 praestitit
859 776 904 814 in
924 775 1006 816 hoc
1035 777 1503 817 Onomastic0.1<umm.

283 829 383 881 πρὸς
400 828 444 872 τό
463 831 630 885 βλέπον]
671 830 787 883 Quid
809 841 872 871 est
891 833 1033 895 βλέπον
1051 832 1154 871 hic9
1186 847 1262 887 ego
1282 832 1488 873 mehercle
1510 847 1598 873 non

175 885 418 927 extricarem
425 885 603 956 absque
633 887 726 925 MS·
750 887 806 925 sit
833 887 907 940 qui
930 887 978 932 id
997 897 1238 940 corruptum
1263 888 1448 939 indicat,
1477 898 1517 929 et
1538 891 1599 928 ita

172 939 461 993 habet-21:969
480 939 524 983 τὸ
543 940 693 984 αλυπον
715 942 757 983 ἐν
773 946 827 999 τῷ
838 953 916 981 etc.
955 944 1099 983 insane
1123 944 1240 983 bene.
1299 944 1372 984 Sic
1398 943 1596 984 emenda.

172 997 232 1036 ait
243 997 368 1046 enim,
381 1011 509 1050 quum
520 999 734 1037 nominum
746 1006 786 1037 et
798 985 1095 1037 vocabulorum
1113 999 1301 1038 recensio
1319 999 1458 1050 facile,
1476 1008 1598 1038 natu-

171 1066 216 1092 ra
235 1052 294 1091 ita
315 1052 429 1107 quod
454 1063 738 1105 comparatum
765 1062 849 1099 est,
881 1051 1098 1091 fastidium
1125 1065 1170 1091 se
1195 1053 1376 1105 adferat,
1407 1053 1596 1109 disposi-

169 1108 302 1147 tionis
330 1107 508 1161 quodam
527 1107 651 1147 modo
679 1121 767 1147 eam
786 1106 1027 1146 adornatam
1046 1121 1133 1148 esse
1151 1108 1210 1147 ita
1231 1118 1279 1147 ut
1300 1111 1455 1148 nullam
1471 1112 1598 1149 mole·

169 1161 292 1202 stiam
322 1163 483 1215 pariat,
524 1177 601 1203 nec
624 1164 681 1203 sit
706 1163 895 1204 insuavis
918 1164 996 1202 ista
1028 1164 1356 1203 constructionis
1380 1163 1510 1220 figur·
1527 1168 1597 1205 vel

169 1217 320 1258 habitu
343 1228 421 1258 etc.
475 1225 583 1258 Iunc.

279 1271 382 1328 πρὸς
394 1273 438 1316 τὸ
457 1273 629 1328 βλέπον]
669 1274 817 1315 Veram
837 1273 1063 1313 lectionem
1084 1270 1187 1326 πρὸς
1203 1274 1247 1317 τὰ
1269 1273 1444 1326 αλυπον,
1473 1290 1595 1330 quam

168 1339 370 1383 praeunte
389 1330 610 1369 Kuelmio'
599 1345 645 1368 m
670 1336 791 1369 textu
820 1329 1011 1383 reposui,
1042 1339 1085 1370 et
1106 1329 1427 1384 Falckenburgii
1439 1332 1596 1372 retinet

169 1384 326 1426 Codex.

277 1445 430 1483 ποθεῖν
440 1441 457 1494 ]
505 1439 555 1480 C·
585 1441 637 1483 V.
676 1439 852 1480 subiicit
881 1436 1030 1495 ευτύχει
1065 1439 1204 1497 Κύριε.
1275 1441 1379 1482 Vale
1400 1443 1594 1484 Domine.

165 1503 311 1536 Kmum.

276 1557 430 1594 ποθεῖν.
441 1552 456 1604 ]
491 1552 587 1593 MS.
610 1550 737 1592 habet
755 1561 798 1592 et
818 1551 946 1600 illud,
977 1565 1056 1604 quo
1077 1566 1282 1605 semper
1239 1553 1399 1602 smtur
1418 1554 1592 1604 epistola

166 1609 298 1678 verbo,
332 1622 495 1673 nempe,
525 1614 691 1650 ποθεῖν·
721 1606 872 1661 ευτύχει
898 1605 1035 1662 Κυριε.
1063 1609 1122 1646 Et
1136 1608 1325 1662 sequitur
1344 1609 1509 1647 statim.
1539 1606 1591 1650 ι’ν’

168 1681 244 1707 ουν
265 1673 343 1704 etc.
384 1664 564 1716 primum
598 1672 723 1716 caput
748 1663 862 1702 libri.
921 1662 1003 1704 Sed
1027 1664 1142 1716 prius
1161 1663 1371 1716 epitomen
1391 1664 1592 1704 excutia-

165 1734 273 1770 mus,
310 1733 432 1773 quam
459 1720 504 1758 in
525 1719 616 1758 MS.
638 1718 894 1773 praefationi
914 1719 1194 1772 praepositam
1213 1713 1486 1761 dixi.1m‹‘o.·

273 1775 447 1828 ποθεῖν]
477 1774 627 1815 Adieci
649 1788 702 1814 ex
719 1773 846 1815 MSS·
869 1773 973 1814 duce
991 1774 1199 1825 Kudmio,
1229 1771 1375 1829 ευτύχει
1396 1773 1535 1830 Κύριε.

273 1883 496 1939 κεφάλαια]
525 1887 586 1925 Ea
610 1886 704 1927 MS.
724 1895 819 1926 ante
838 1887 1139 1954 praefationem
1155 1884 1294 1925 habet.
1350 1891 1431 1925 San.

275 1943 317 1985 ἐν
337 1942 460 1985 τούτω
480 1947 536 1999 τῷ
554 1943 718 1998 βιβλίῳ]
759 1941 805 1982 C.
834 1944 886 1982 A.
917 1943 1000 1982 ita:
1029 1940 1119 1984 τάδε
1142 1941 1298 1983 ἔνεστι
1280 1957 1322 1983 εν
1339 1946 1394 1998 τῷ
1410 1945 1484 1982 τοῦ
1504 1946 1587 1984 Πο-

163 1996 381 2046 λυδεύκους
401 1986 555 2067 ἐννᾶτῳ
586 2001 721 2052 βιβλίῳ
759 1995 966 2050 ὀνομάτων
991 1999 1077 2052 περι
1105 2013 1184 2039 των
1217 1983 1376 2045 πόλεως
1399 1998 1588 2050 αἰκισμῶν

164 2052 279 2097 οσατε
300 2051 378 2096 απὸ
399 2071 505 2108 ορων
531 2064 610 2094 etc.
647 2055 715 2095 καὶ
739 2071 787 2094 τα
807 2051 884 2096 «ind
906 2052 1051 2102 ἄστεως
1074 2071 1138 2095 και
1155 2067 1229 2095 οσα
1246 2051 1397 2101 πόλεως
1417 2052 1586 2106 σχήματα

162 2111 228 2152 και
254 2109 362 2164 ἕτερά
380 2124 489 2151 τινα·
526 2110 690 2164 reliqua
716 2109 889 2161 absunt,
922 2124 1026 2164 quae
1043 2118 1178 2149 tamen
1198 2109 1421 2149 Vossianus
1438 2106 1585 2177 Codex

163 2164 304 2206 habet.
362 2172 506 2206 Kumm.

273 2222 482 2273 οἷκισμῶν]
522 2221 591 2261 Sic
609 2231 652 2261 et
669 2222 764 2263 MS.
796 2223 973 2261 fortasse
991 2230 1128 2260 tamen
1149 2219 1400 2273 epitomator
1417 2217 1490 2257 hic
1517 2220 1586 2260 οἶ-

162 2282 305 2330 κισμοῦ
323 2278 512 2330 scripsit,
541 2287 589 2316 nt
606 2277 717 2316 infra
737 2287 798 2317 est
818 2277 945 2316 huius
965 2277 1062 2316 libri
1082 2290 1205 2330 segm.
1225 2289 1263 2328 7.
1290 2273 1477 2329 qnnmvis
1496 2273 1586 2312 ibi-

164 2331 287 2371 dem
276 2347 319 2370 m
341 2335 532 2371 lemmate
552 2332 677 2384 primi
699 2333 849 2403 capitis
872 2346 1042 2400 quoque
1069 2334 1256 2383 οἰκισμῶν
1275 2331 1342 2372 sit.
1399 2335 1501 2368 Imm.
1538 2356 1542 2362 ,

275 2384 407 2441 οοων]
436 2389 527 2430 MS.
545 2405 623 2429 των
645 2387 750 2443 ὅρων
767 2386 797 2442 ἢ
818 2391 852 2430 δ.
895 2386 1022 2429 Sed“
999 2404 1103 2443 ορων
1120 2385 1340 2442 legendum
1356 2393 1582 2439 patetmox

162 2458 215 2483 ex
234 2443 370 2496 primo
392 2444 541 2496 capite,
571 2458 695 2497 segm.
714 2449 752 2491 8.
807 2451 909 2484 IuNc.

272 2499 343 2546 ε’ξω
365 2502 434 2549 τῆς
452 2499 630 2550 πόλεως]
667 2500 759 2540 MS
790 2501 860 2549 ἔξω
884 2497 972 2542 πὸλ.
1002 2498 1093 2538 sine
1110 2497 1316 2552 particula
1336 2498 1417 2550 τῆς.
1478 2500 1582 2534 Iunc.

270 2551 440 2605 ἅστεως]
470 2556 565 2595 MS.
584 2555 732 2603 αστεος.
790 2561 869 2595 San.

270 2611 421 2661 τείχους
439 2611 506 2650 καὶ
524 2609 698 2663 πόλεως]
737 2611 831 2650 MS.
852 2611 1004 2664 τείχους
1024 2607 1199 2659 πόλεως,
1230 2607 1321 2647 sine
1337 2607 1417 2648 καί.
1446 2614 1580 2655 recte;

161 2664 273 2704 infra
296 2678 423 2719 segm.
445 2663 511 2706 55.
537 2676 659 2706 antea
685 2680 813 2721 segm.
838 2678 878 2708 2.
908 2665 955 2709 τὰ
975 2668 1047 2719 ἔξω
1064 2662 1231 2714 πόλεως·
1270 2676 1384 2702 nunc
1402 2659 1448 2704 τά
1472 2658 1583 2710 ἐντὸς
