1690 2996
189 152 296 195 1318
817 146 870 187 X.
931 150 996 191 18.

188 269 349 309 matur,
399 259 472 310 qui
512 258 618 307 velit
656 259 700 298 in
742 257 916 297 dubium
957 272 1121 310 vocare,
1161 267 1208 298 ut
1242 258 1363 298 metri
1387 260 1501 313 leges
1530 272 1617 299 eam

188 314 520 355 emendationem
550 317 765 368 postulare
796 324 964 354 taceam.
1026 315 1110 354 lam
1139 328 1236 354 vero
1263 314 1395 354 totius
1421 314 1506 354 loci
1528 326 1618 355 sen*-

190 385 258 410 sus
281 370 448 411 Comica
479 371 687 409 suavitate
715 368 857 417 floret,
889 380 930 409 et
957 383 1154 422 perquam
1189 379 1251 409 est
1281 379 1476 424 argutus,
1502 369 1616 423 quod

189 435 238 464 ut
269 425 452 465 lucidius
477 426 651 477 liqueat,
679 425 881 464 Latinum
899 425 1074 466 faciam:
1123 425 1294 467 Clarius
1318 434 1454 465 aueum
1474 425 1519 464 in
1542 427 1619 465 ln-

189 485 376 520 saniente
406 482 629 534 Diphilus:
669 490 708 519 et
737 490 950 532 praeterea
979 482 1142 534 quidem
1163 481 1376 532 forulum.
1425 491 1618 521 tacentem

189 539 337 576 cadum
349 565 362 584 ,
393 537 607 588 stragulae
619 565 631 581 .
663 545 703 575 et
721 551 814 575 cum
834 551 1030 587 asc-opera
1050 550 1218 580 saccum
1236 536 1416 591 (scilicet
1433 536 1617 576 humeris

189 593 276 632 tuis
306 591 432 632 habes
459 592 679 645 imposita,
729 593 842 645 quod
870 592 1085 632 commode
1115 591 1428 646 subintelligas,
1465 592 1502 633 ai
1531 606 1616 631 non

190 648 396 702 placuerit
417 661 552 687 meum
570 650 775 699 συνωνεῖ.)
796 656 843 686 ut
864 651 956 701 quis
976 646 1172 695 militem,
1204 650 1285 687 imo
1306 662 1396 687 vero
1417 650 1619 688 circulum

188 719 209 743 e
221 705 318 755 foro
338 712 510 742 erectum
527 706 729 742 existimet
750 705 973 742 ambulare.
992 712 1082 743 tam
1100 705 1234 743 multa
1252 712 1351 743 eunt
1366 704 1445 743 illa
1463 711 1618 755 scruta,

190 773 295 812 quae
317 769 360 798 tu
380 762 691 810 circumponas.
749 761 819 798 De
845 759 979 799 milite
1001 758 1114 812 quod
1136 759 1302 814 inquit,
1333 760 1519 812 apprime
1545 773 1619 799 no.

192 826 281 853 tum
308 815 463 854 milites
505 814 604 854 olim
637 816 682 853 in
711 816 878 869 agmine
911 829 985 853 sua
1020 824 1206 866 portasse
1237 812 1421 853 humeris
1451 828 1545 855 vasa
1576 823 1622 867 et·

189 870 403 910 utensilia.
440 870 541 923 quin
570 871 719 918 etiam,
751 884 855 923 quae
882 869 953 909 hic
981 869 1248 922 reperiuntur
1265 869 1460 909 utensilia
1482 873 1618 923 plera-

191 940 297 978 que,
340 925 391 963 ad
431 925 632 964 militaria
671 926 886 978 pertinent
924 925 1213 964 instrumenta.
1262 938 1352 963 cum
1386 938 1485 965 vero
1513 924 1618 965 dicit

191 982 310 1020 illum
339 981 549 1019 hominem
580 981 640 1019 ita
671 981 815 1020 viliori
843 981 1039 1020 mercium
1071 993 1223 1033 genere
1242 988 1454 1030 onustum,
1484 989 1615 1032 utcy-

189 1039 298 1075 clum
331 1035 572 1075 forensem
560 1050 606 1074 m
627 1036 801 1101 publico
828 1046 996 1089 putares
1017 1034 1305 1086 obambulare,
1333 1033 1379 1074 id
1399 1049 1499 1075 vero
1521 1047 1616 1089 per·-

189 1106 312 1142 quam
347 1091 529 1130 facetum
568 1101 610 1131 et
640 1092 817 1157 ingenio
852 1101 1104 1146 prognatum
1133 1090 1327 1134 comico.
1394 1091 1464 1131 De
1497 1100 1637 1131 textu>

188 1141 374 1192 Pollucis
401 1145 589 1186 ornando
619 1147 716 1186 dum
750 1149 934 1187 animum
963 1147 1076 1186 subit
1118 1146 1346 1201 cogitatio,
1387 1160 1473 1186 nou
1512 1157 1616 1186 vana

188 1213 253 1241 me
284 1201 507 1241 difficultas
530 1203 759 1242 sollicitum
781 1203 921 1242 babet.
959 1203 1135 1242 inseram
1155 1203 1265 1242 enim
1284 1203 1452 1255 corpori
1470 1202 1616 1243 Pollu-

188 1273 257 1296 ceo
287 1273 380 1297 cum
406 1257 567 1297 mendis
593 1259 679 1298 suis
711 1268 752 1298 et
783 1258 955 1297 maculis
989 1257 1615 1311 manifestissimisparticulam

188 1324 271 1353 tam
301 1313 515 1353 nobilem?
545 1313 658 1353 haud
684 1313 785 1353 satis
814 1313 856 1352 id
886 1312 1054 1366 quidem
1085 1311 1258 1366 dignum
1285 1312 1500 1353 videbitur
1528 1311 1615 1352 edi·

189 1370 309 1408 tione
331 1379 489 1410 nostra.
539 1383 591 1407 an
637 1384 736 1408 vero
772 1369 948 1409 inferam
982 1369 1026 1406 in
1058 1378 1244 1420 textum,
1280 1382 1383 1421 quas
1412 1367 1494 1408 tuli
1519 1371 1615 1408 loco

187 1423 389 1474 medelas,
418 1434 492 1463 aut
509 1425 646 1463 saltim
667 1440 730 1464 me
750 1426 896 1465 tulisse
926 1423 1104 1477 putavi?
1135 1424 1178 1462 id
1196 1423 1463 1465 meritissime
1485 1433 1614 1464 teme·

187 1480 327 1520 ritatis
354 1480 472 1534 argui
498 1494 620 1533 posse
647 1481 738 1533 ipse
776 1495 862 1519 non
889 1478 1086 1520 diffiteor.
1136 1488 1316 1518 attamen
1346 1479 1526 1519 arbitror
1547 1494 1615 1520 me

186 1535 356 1575 modum
388 1537 431 1573 in
458 1535 537 1575 hac
568 1550 612 1575 re
643 1536 843 1582 tenuisse,
880 1537 1023 1590 itaque
1042 1549 1125 1574 rem
1147 1535 1334 1589 gessisse,
1362 1545 1417 1574 ut
1432 1549 1615 1600 conque,-

187 1591 310 1630 rendi
338 1605 503 1630 causam
529 1605 615 1631 non
651 1592 872 1630 habiturus
905 1593 962 1630 sit
988 1604 1147 1644 aequus
1177 1591 1347 1630 Lector.
1378 1591 1553 1633 meliora
1575 1587 1613 1630 ai

188 1647 283 1702 quis
311 1647 548 1698 protulerit,
581 1661 670 1687 mea
691 1651 788 1687 loco
810 1657 961 1700 sponte
981 1660 1057 1686 sua
1077 1656 1176 1685 sunt
1195 1644 1437 1687 decessura.

300 1702 494 1755 [Diphili
517 1716 660 1742 versus
678 1704 737 1742 ita
760 1707 852 1757 lego
877 1713 919 1742 et
939 1703 1182 1767 distinguo.

351 1759 421 1802 καὶ
448 1757 547 1828 πρός
573 1761 617 1801 δὲ
646 1776 799 1808 τουτοις
826 1758 1007 1825 ἐσχάραν,
1037 1775 1151 1800 xenon
1177 1755 1316 1809 κάδον,

351 1832 578 1884 στρωματα,
608 1814 793 1868 πάγη-νον,
822 1813 1069 1867 ᾰσκόπηραν,
1097 1813 1288 1856 θύλακον-

350 1888 407 1920 ως
434 1887 511 1914 που
541 1885 781 1939 6tpanwfnv
805 1872 854 1912 ἄν
882 1889 953 1921 τις,
982 1868 1083 1912 ἄλλα
1109 1871 1178 1913 καὶ
1207 1866 1354 1912 nunno·

351 1929 395 1969 ἐκ
422 1932 494 1975 τῆς
524 1925 669 1980 ἀγορᾶς
697 1926 825 1980 ὀρθόν
854 1930 1024 1996 βαδίζειν
1053 1921 1266 1976 υπολάβοι·

350 1978 526 2030 τοιοῦτός
553 1982 652 2025 ἐσθ’
677 1983 701 2025 o‘
725 1986 858 2037 ῥωπος
889 1983 934 2026 ὃν
966 2000 1017 2026 συ
1045 1983 1282 2046 nepcma'puc.

186 2038 238 2078 V.
267 2050 304 2078 2.
347 2053 424 2091 pro
453 2039 528 2077 illo
555 2037 674 2080 συνὼν
711 2040 820 2078 nihil
860 2039 1006 2078 melius
1035 2037 1242 2077 succurrit
1279 2050 1402 2092 qnam
1431 2031 1612 2091 wipper-

186 2093 268 2134 sed
289 2095 384 2134 MS.
413 2089 634 2161 ἀσκοηιίρᾳ-
694 2095 834 2148 Quare
857 2096 915 2134 ita
931 2093 1178 2162 legendum·

351 2164 481 2206 σιρωμ
487 2150 561 2191 aui
585 2166 627 2192 u
655 2154 722 2192 καῖ
750 2168 824 2192 our
852 2147 1060 2204 ασκοπήρᾳ
1090 2171 1147 2182 --

186 2205 313 2261 Quod
340 2221 481 2246 verum
504 2215 625 2274 puto.
685 2206 761 2244 Vel
781 2207 979 2248 fortasse:

352 2256 569 2316 στρώματα
595 2277 647 2311 τε,
669 2265 811 2315 γυλίον,
851 2258 1084 2313 ασκόπηραν
1107 2283 1165 2292 --

185 2317 295 2358 Vide
317 2319 479 2358 Polluc,
511 2317 572 2368 X,
603 2317 686 2357 146.
728 2317 870 2370 ibique
890 2319 1099 2369 Iungerm.
1130 2315 1204 2354 ubi
1235 2311 1448 2369 στρώματᾳ
1476 2322 1519 2352 et
1546 2329 1613 2367 yu-

185 2376 263 2415 λιόι
290 2374 537 2429 iunguntur.
582 2371 708 2413 Conf.
738 2373 927 2412 Pierson.
960 2372 1010 2410 ad
1039 2373 1175 2414 Moer.
1204 2380 1247 2411 et
1266 2383 1345 2409 nos
1360 2360 1536 2410 Emend.
1567 2369 1613 2408 in

185 2428 306 2471 Suid.
338 2432 383 2469 P.
415 2430 473 2470 11.
506 2443 546 2468 v.
578 2431 772 2476 Καπηλίς.
839 2429 996 2480 Toum]

296 2488 454 2534 ἐθέλοις
469 2486 615 2527 καλεῖν.
630 2485 650 2538 ]
681 2485 717 2522 Ε
739 2485 828 2525 MS.
861 2485 1016 2523 inserta
1041 2483 1143 2521 haec
1166 2481 1303 2522 verba.
1361 2481 1461 2521 San.

298 2544 454 2589 ἐθεὶοις
484 2543 629 2583 καλεῖν.
640 2541 660 2594 ]
708 2541 791 2578 Hic
818 2540 961 2593 itaque
990 2553 1075 2578 non
1107 2542 1250 2577 saltem
1278 2537 1434 2583 ἐθέλοις
1464 2537 1612 2586 καλεῖν,

187 2612 293 2653 quae
325 2606 467 2638 noster
487 2597 654 2638 Seberue
685 2595 850 2640 addidit
875 2610 927 2638 ex
962 2609 1038 2636 suo
1067 2595 1161 2635 MS.
1200 2596 1340 2635 locum
1369 2594 1614 2643 restituunt,
