1690 2996
122 119 234 161 >1880
747 117 799 158 X-
858 123 925 164 38.

124 229 215 267 hero
240 236 384 268 nostro
415 227 579 278 malim,
608 235 659 270 ut
682 242 783 269 mox
809 242 931 285 segm.
958 227 1026 272 41.
1067 239 1110 271 ct
1133 230 1179 271 ὶιι
1202 230 1294 274 MS.
1309 230 1448 288 ἰοζιίι.
1471 229 1545 275 42.

122 290 303 323 quenum
1530 315 1533 317 ,

233 336 451 392 ἇμφίμιτον
477 337 700 394 στρομνὴν]
740 340 983 380 ΚαεῘιηίιιε”
970 355 1015 380 ιιι
1040 351 1166 382 textu
1193 339 1431 396 στρωμνήν*
1451 355 1545 394 nec,

125 395 248 434 aliter
276 394 313 432 si
336 395 511 443 scribas,
550 409 643 433 cum
673 409 815 435 norma
839 397 1115 437 Grammatica
1147 399 1374 437 conciliare
1391 398 1543 450 poncia.

121 447 362 503 Ἀμφίμιτος
384 448 578 504 στρώμνὴ,
608 464 711 503 quae
724 449 883 504 duplici
897 451 969 492 filo
980 461 1178 493 contexta
1196 462 1282 493 ect-
1311 455 1423 506 μίτον
1433 452 1544 493 enim

125 507 171 545 in
189 508 295 552 tela,
324 505 438 558 quod
462 506 662 545 Romanis
687 508 830 546 licium
853 509 1087 557 aeufilum,
1125 517 1168 547 et
1186 509 1296 547 illam
1315 509 1460 562 itaqua
1478 516 1546 546 ta-

124 565 206 601 lem
231 559 369 600 dicere
387 570 428 601 te
437 574 560 614 posse
573 557 837 614 ἆμφιδᾶσειαν
854 562 1002 602 Pollux
1022 562 1239 615 admouet3
1267 577 1360 602 nam
1379 561 1547 618 quiden

124 619 330 655 Homerus
357 617 437 655 alia
455 617 632 656 notione
650 616 730 656 hoc
752 616 959 657 vocabulo
980 618 1118 657 fuerat
1142 631 1255 657 usus.
1293 617 1404 671 Hesy
1403 618 1544 658 chiac.

122 668 424 725 ’Λμφιδᾶσειαν,
453 673 493 722 ἐξ
513 673 696 723 ἑκατέρου
714 673 859 725 μέρους
875 671 1071 725 κρόσσους
1093 673 1279 726 ἔχουσαν,
1310 633 1547 727 &waldem

124 731 294 770 δασεῖαν.
352 728 519 778 Brevis,
556 726 628 766 sed
668 727 857 768 eruditus
892 727 944 766 ad
977 727 1197 768 Homerum
1223 729 1544 768 Gommcmator.

120 780 422 836 ’Λμφιδᾶσειαν,
449 780 696 836 πανταχόθεν
717 786 886 834 δασεῖαν,
914 784 981 824 καὶ
1001 784 1120 837 οἱμὲν
1139 781 1414 852 ἇμφίμαλλον,
1447 786 1490 826 οἷ
1504 783 1547 826 δὲ

122 839 254 896 κύκλοι
272 842 431 881 δασεῖαν
453 838 516 881 διὰ
535 838 629 886 τούς
646 838 872 886 θυσάνους·
900 836 961 890 ὖφ
970 836 1045 880 ’ἓν
1067 839 1108 881 δὲ
1129 836 1173 880 τό
1207 854 1353 891 ονομα·
1382 839 1458 879 ubi
1476 840 1546 878 vi-

126 894 197 934 des
219 904 260 934 et
280 895 401 933 aliam
421 894 603 934 eiusdem
624 893 948 947 significationis
966 907 1110 933 vocem
1126 891 1391 948 ἆμφίμαλλος,
1421 908 1545 948 quam

123 949 195 989 hic
210 949 376 1004 quidem
403 949 571 988 silentio
590 948 806 1000 praeteriit
822 950 982 987 Auctor
1003 958 1156 991 noster.
1202 958 1465 990 recensuerat
1486 950 1546 988 il..

123 1008 206 1044 lam
226 1014 361 1043 tamen
382 1003 574 1054 VI1,37.
606 1018 751 1070 ωσπερ
755 1001 824 1046 τὸν
846 1001 1099 1058 αμφίμαλλον
1115 1007 1281 1057 χιτῶνα,
1311 1003 1459 1054 δασυν,
1477 1005 1547 1068 ικαὶ

122 1077 268 1114 χιτωνα
286 1064 441 1112 μαλλοῖς
465 1057 609 1109 δασυν,
637 1060 703 1100 καὶ
727 1054 954 1112 αμφίμιτον.
1000 1058 1145 1099 codem
1179 1073 1347 1114 quoque
1374 1058 1546 1100 nomine

122 1115 370 1169 posterioris
387 1115 532 1155 aetatis
549 1115 730 1153 Romani
748 1115 974 1167 scriptores
995 1114 1062 1153 usi
1081 1124 1199 1166 sunt,
1229 1116 1455 1168 plurimum
1477 1115 1547 1156 de-

119 1180 234 1211 torta
275 1181 398 1224 atque
434 1180 652 1223 corrupta,
696 1178 746 1208 ut
775 1170 906 1209 seculi
934 1171 1053 1209 fuere
1085 1183 1242 1220 mores,
1271 1171 1412 1210 nativa
1440 1183 1547 1223 pro-

122 1226 412 1266 nunciatione.
453 1235 591 1265 ortum
620 1225 732 1266 euim
749 1239 805 1264 ex
824 1224 905 1264 hoc
925 1224 1132 1264 vocabulo
1153 1226 1436 1277 amphibalum
1449 1226 1546 1264 exi-

111 1291 278 1327 ammo,
298 1281 412 1336 quod
431 1281 616 1322 Isidorus
634 1280 812 1333 exponit
837 1280 992 1319 birrum
1014 1281 1216 1320 villosum:
1246 1280 1410 1320 scilicet
1429 1294 1545 1320 com-

121 1337 355 1376 mutatione
374 1337 483 1375 facta
505 1337 715 1376 literarum
735 1353 764 1389 μ
786 1344 828 1374 et
839 1338 878 1388 β,
907 1349 1011 1389 quae
1031 1348 1152 1388 quam
1166 1336 1223 1374 sit
1237 1336 1436 1374 facillima
1453 1350 1543 1377 -uno

123 1396 309 1432 alterove
328 1395 519 1445 exemplo
542 1391 768 1431 ostendam.
808 1405 1021 1429 camacum
1038 1389 1307 1430 monachicae
1334 1390 1544 1458 quoddam

121 1447 251 1487 vestis
271 1461 401 1500 genus
419 1447 568 1488 Graeci
586 1446 765 1486 scribere
786 1448 923 1485 solent
938 1444 1131 1511 καμάσιον
1150 1455 1192 1484 et
1214 1442 1419 1499 καβασιον.
1448 1444 1544 1500 βάρ-

120 1507 231 1572 βιτον
251 1502 418 1570 antiqui
435 1502 702 1542 Grammatici
717 1511 912 1569 tanquam
933 1498 1145 1555 βαρυμιτον
1161 1499 1319 1540 dictum
1341 1502 1544 1554 referunt,

121 1568 165 1599 et
191 1555 364 1612 ἆρβῦλας
398 1558 525 1596 iidem
552 1575 686 1625 παρα
680 1555 725 1599 τὰ
750 1553 1003 1610 αρμόσασθαι
1032 1555 1243 1606 derivant,
1283 1556 1353 1595 cui
1375 1556 1544 1610 pondus

124 1614 284 1654 accedit
305 1628 327 1652 a
354 1613 514 1652 Cretica
532 1627 635 1653 voce
659 1610 836 1665 αρμυλα,
869 1625 953 1665 quo
972 1611 1142 1651 nomine
1160 1612 1288 1651 calcei
1306 1611 1387 1651 hoc
1412 1626 1544 1667 genua

122 1671 349 1720 appellant
406 1670 536 1709 Porro
567 1670 641 1708 illa
669 1668 897 1720 scriptura,
936 1681 1055 1731 qua-m
1084 1665 1279 1706 offendi
1267 1681 1311 1704 ιιι
1334 1667 1544 1707 Glaesaria

121 1725 218 1765 MS.
244 1725 535 1776 Amphibahuz,
562 1725 710 1764 villosa
730 1723 876 1771 birrus,
910 1723 1081 1775 propius
1102 1721 1265 1760 nomini
1287 1722 1445 1762 Graeco
1464 1737 1545 1762 vo-

122 1779 312 1820 cabulum
346 1780 581 1819 Romanum
610 1779 822 1819 conciliat.
876 1777 929 1817 Id
954 1777 1125 1816 unicum
1155 1775 1350 1815 adiiciam
1379 1778 1543 1826 saltim,

117 1850 217 1874 nam
236 1835 271 1873 si
298 1835 342 1873 iu
365 1836 456 1874 istis
477 1835 642 1876 haerere
658 1834 818 1873 animus
839 1842 957 1883 estet,
987 1833 1030 1871 in
1050 1831 1292 1871 immensum
1313 1835 1448 1884 opella
1468 1847 1544 1872 no.

120 1900 203 1930 stra
233 1889 561 1940 diffunderetur3
595 1889 906 1942 amphimallum
927 1887 1032 1928 bene
1060 1885 1186 1926 scribi
1213 1886 1260 1926 iu
1280 1887 1363 1926 ista
1385 1888 1544 1928 Isidori

122 1946 294 1985 Gloeea·
325 1946 534 1993 Camasus,
571 1946 880 1996 amphimallum

228 1998 388 2051 πιλωτᾶ,
407 2001 512 2053 etc]
544 2001 642 2041 Vid.
666 2014 787 2052 supra
807 1999 1110 2047 V1,1o.s1-:n.

228 2055 390 2106 πιλωτα,
413 2068 491 2096 etc.
503 2057 523 2109 ]
556 2057 604 2096 C.
628 2056 679 2095 V.
700 2052 870 2096 πτιλωτα
887 2051 1199 2122 προσκεφάλαια.
1226 2049 1455 2105 ὖποωχὲνια,
1486 2055 1545 2096 εἴ·

118 2130 190 2156 ποι
210 2110 252 2155 δ’
273 2130 323 2154 αν
341 2129 400 2161 τις
413 2110 522 2165 οἶμαι
539 2113 686 2161 πτίλον,
707 2107 867 2162 pluma,
895 2109 1007 2150 unde
1025 2107 1207 2155 numni.
1235 2110 1379 2161 pluma
1389 2109 1545 2162 sae-cta

107 2171 382 2235 pulvinaria,
413 2168 652 2208 cervicalia,
709 2172 857 2203 Kumm.

230 2222 392 2271 πιλωτοῖ,
408 2232 487 2262 etc.
497 2223 516 2275 ]
547 2221 638 2263 Μ8.
657 2221 819 2260 auctius
830 2229 870 2259 et
881 2219 1060 2260 rectius:
1088 2217 1388 2272 προσκεφάλαια
1405 2225 1546 2262 πτιλω-

118 2297 190 2327 τα,
228 2276 528 2331 προσκεφάλαια
555 2275 793 2331 ὑπαυχένια
836 2272 989 2317 εἴποιδ’
1008 2292 1058 2316 αν
1083 2291 1140 2323 τις
1161 2272 1269 2326 οἶμαι
1289 2276 1356 2316 καὶ
1374 2285 1453 2315 etc.
1485 2276 1544 2314 ita

120 2334 384 2374 scribendum
405 2344 482 2374 est.
528 2333 623 2373 vide
641 2345 765 2386 supra
781 2329 1030 2378 VI‚10·0⁴n
1053 2331 1121 2372 καὶ
1138 2328 1545 2400 πτίλοιςανεπλήρουν

119 2390 166 2432 τὰ
183 2392 379 2442 κνέφαλα·
413 2399 455 2429 et
477 2388 631 2429 ibidem
646 2384 834 2440 πτερωτὰ,
864 2387 928 2427 καὶ
947 2386 1115 2427 πτιλωτά
1132 2384 1430 2438 προσκεφαλαια
1452 2383 1546 2427 ὄνο-

120 2444 334 2499 μαζουσιν,
372 2444 445 2483 ubi
478 2458 637 2497 semper
662 2455 830 2497 quoquc
848 2443 1002 2480 vocula
1021 2443 1173 2490 πτίλοις
1191 2450 1233 2479 et
1256 2441 1423 2483 πτιλωτᾶ
1441 2444 1545 2481 male

122 2510 317 2553 corrupta
335 2500 489 2539 omisso
513 2501 588 2538 illo
600 2517 633 2547 τ,
665 2496 776 2552 quod
790 2495 985 2535 adhaeret
1001 2502 1055 2553 τῷ
1072 2513 1114 2537 π.
1133 2497 1546 2551 tamexiguequeso-

119 2558 174 2596 let
197 2555 317 2610 pingi
336 2557 382 2593 in
402 2555 500 2596 MS.
517 2564 566 2594 ut
586 2555 713 2594 facile
730 2565 808 2594 nos
827 2552 976 2606 fugiat.
1027 2541 1139 2593 ‘Ioum
