1598 2964
171 115 276 154 1954
606 110 1086 152 ADDENDA.

170 219 264 274 quis
284 230 494 260 anatomes
515 234 598 259 non
619 225 742 274 plane
763 221 880 260 rudis
901 231 988 271 est,
1019 220 1227 261 confundi
1245 221 1316 261 hio
1331 222 1516 262 tunicam

170 291 315 315 uveam
336 285 378 314 et
399 276 663 324 choroidem,
698 278 808 331 quod
832 288 969 318 tamen
991 277 1277 318 condonemus
1296 277 1517 318 Gramma-

170 333 268 373 tico.
329 332 463 372 Nemo
486 346 606 385 vero,
636 333 746 387 quod
777 334 945 387 quidem
964 334 1104 384 sciam,
1134 334 1319 372 tunicam
1341 333 1516 373 choi-oi·-

171 387 286 426 deam
315 386 502 454 χαροειδῆ
521 390 705 441 vocavit,
733 388 846 429 unde
866 389 1110 440 expellenda
1136 398 1238 442 puto
1257 388 1357 428 bina
1376 388 1516 440 verba,

169 442 424 509 χαροειδης,“
407 444 454 493 n‘:
483 444 660 484 maxime
677 446 876 498 quoniam
896 444 1255 511 Falckeuburgius
1266 458 1342 498 pro
1362 461 1516 500 χαροει·

169 497 241 549 ὃής
269 499 315 538 in
337 499 495 539 Codice
515 513 593 538 suo
612 510 777 539 invenit
788 498 1000 554 χοροειδης
1059 499 1185 568 Quod
1198 501 1307 539 enim
1319 499 1515 539 Kuhnius

168 568 246 607 pto
273 558 472 594 alterutro
492 555 713 608 legendum
745 556 929 596 coniecit
949 550 1190 611 χορδοειδης,
1221 554 1279 603 id,
1310 570 1414 610 pace
1433 554 1515 595 viri

169 611 330 664 egregii
349 609 539 660 dixerim,
556 611 712 650 nullius
733 612 860 665 pretii
881 621 958 651 est.
1015 611 1188 651 Lubens
1205 612 1330 655 etiem
1354 620 1516 651 antece·

169 666 312 705 dentia
337 679 408 712 ea,
438 665 466 716 ἤ
484 665 706 717 ῥὀδοειδής,
737 667 863 707 obelo
885 665 1158 721 conligerem,
1187 669 1347 720 quippe
1366 681 1419 707 ex
1437 680 1516 706 va-

167 722 229 759 ria
248 731 434 772 tautum,
463 736 594 776 eaque
614 723 772 762 vitiosa
791 723 975 762 lectione
993 732 1104 761 nata.
1162 722 1336 775 Saepius
1356 722 1438 762 hoc
1468 722 1513 760 in

166 779 342 817 Polluce
371 777 589 817 observare
617 788 699 819 est·
729 793 765 820 v.
789 793 827 833 g.
849 779 899 825 V,
923 776 992 833 8.
1019 777 1214 832 legitur“
1191 795 1357 833 ορτυγος
1370 780 1515 830 rovil-

168 836 261 882 ζειν,
288 835 495 886 γρυλίζειν.
551 834 674 873 Prius
696 833 863 873 verbum
888 836 1080 888 τρυλίζειν
1098 848 1120 872 e
1141 834 1265 874 MSS.
1285 835 1330 872 in
1353 842 1511 873 textum

167 889 335 927 invexit
352 888 631 929 Lederlinus:
661 901 772 929 recte
791 890 974 943 quidem,
993 889 1064 929 sed
1073 892 1290 954 expellere
1310 889 1435 928 simul
1445 888 1512 928 de·

166 943 328 983 buisset
353 943 399 985 τό
418 947 635 999 γρυλίζειν,
666 954 816 998 utpote
841 945 893 984 ad
916 945 1154 984 coturnices
1183 944 1295 983 nihil
1313 945 1533 990 attinens

165 998 237 1039 sed
258 998 309 1038 ad
330 1014 481 1054 porcos
497 1000 778 1067 relegandum.
837 1001 995 1066 Eodem
1014 999 1245 1051 modovlr,
1257 999 1320 1056 96.
1346 999 1443 1039 ubi
1432 1014 1514 1038 mm

166 1055 228 1094 sic
245 1057 438 1109 legimuS,
454 1054 839 1111 τρυφοκαλοὲσσηριν,
857 1054 1066 1111 γρύφωμα,
1079 1053 1272 1109 lauaem,
1285 1057 1406 1096 binae
1417 1055 1515 1094 illae

165 1113 422 1164 posteriores
447 1126 571 1152 voces
588 1113 736 1167 utique
753 1128 775 1151 e
797 1123 915 1152 textu
937 1115 1106 1152 exulare
1121 1111 1378 1162 debuissent,
1396 1125 1512 1150 mon-

166 1177 298 1206 strose
326 1177 489 1206 tantum
519 1182 573 1208 ex
606 1168 874 1235 praecedenti
904 1168 1123 1235 repetitae.
1182 1167 1298 1207 Hinc
1328 1167 1454 1208 etiam
1474 1166 1511 1218 I,

167 1222 261 1263 246.
292 1222 362 1261 ubi
384 1223 584 1264 habetur·
622 1222 836 1278 τριβόλων,
867 1225 1025 1272 κνιδῶν,
1051 1221 1316 1276 ἀσπαλάθων,
1345 1224 1515 1271 κονίζης,

164 1277 573 1333 κουνίὸων,θαμνων.
595 1280 718 1320 obelo
730 1280 978 1334 configerem
990 1297 1033 1322 το
1053 1281 1264 1322 κουνίδων.
1296 1278 1513 1319 cumcuim

165 1343 302 1372 cetera
322 1338 520 1388 pleraque
548 1336 702 1387 plurali
728 1350 902 1374 numero
928 1335 1176 1385 efferantur,
1207 1345 1310 1387 puto
1335 1335 1514 1388 aliquem

165 1402 242 1441 pro
268 1393 421 1439 κονίζης
444 1392 488 1428 in
509 1391 695 1445 margine
717 1391 950 1430 correxisse
977 1393 1164 1441 κονίζων,
1202 1390 1316 1444 quod
1337 1389 1434 1430 dein
1452 1389 1514 1428 sic

165 1454 369 1483 mutatum
391 1446 436 1483 in
457 1454 616 1484 textum
637 1445 819 1498 irrepsit.
876 1446 1070 1485 Attamen
1094 1460 1144 1485 eo
1162 1449 1258 1485 loco
1270 1459 1344 1499 pro
1356 1446 1513 1496 κονίζης

164 1501 303 1553 legere
326 1500 466 1539 malim
484 1499 657 1551 κονύζης,
688 1501 749 1540 sic
767 1501 877 1540 enim
896 1501 946 1540 ab
959 1500 1155 1541 omnibus
1173 1511 1348 1542 vocatur
1363 1515 1410 1542 ea
1419 1501 1513 1541 her·

163 1553 228 1593 ba.
259 1557 451 1608 Her-inga
468 1556 708 1596 Observatt.
736 1570 777 1609 p.
803 1557 867 1598 24.
890 1558 956 1598 25.
1427 1564 1440 1580 ”

273 1611 334 1656 ΙΙ,
354 1612 417 1665 75
450 1613 527 1652 Vel
556 1611 777 1651 delendum
795 1622 858 1652 est
876 1612 991 1666 prius
1016 1609 1202 1663 εὖοδμία,
1231 1615 1301 1653 vel
1316 1611 1511 1653 scriben-

164 1664 262 1705 dum
285 1667 446 1709 ιύωᾶία.
479 1669 601 1707 Koen.
624 1667 675 1706 ad
692 1669 867 1722 Gregor.
887 1669 984 1709 Cor.
1004 1683 1042 1721 p.
1061 1666 1155 1724 589.

273 1723 333 1774 ΙΙ,
365 1739 428 1777 77.
463 1723 764 1763 Revocaudum
782 1738 897 1775 esse,
926 1723 1041 1778 quod
1064 1727 1186 1778 culpa
1208 1722 1510 1790 descriptorum

163 1778 304 1831 periit,
335 1780 585 1818 vocabulum
606 1780 775 1828 εὔπνους
793 1779 876 1819 hoc
889 1779 1027 1826 modo,
1061 1783 1130 1822 και
1149 1779 1253 1829 οἶνος
1267 1775 1510 1834 ανθοσμίας,

163 1834 354 1884 εὔπνους,
385 1834 558 1885 ευαίδης,
588 1836 714 1874 facile
741 1835 846 1874 mihi
872 1835 1078 1889 largietur
1097 1836 1171 1889 qui
1188 1835 1240 1874 ad
1263 1834 1315 1874 ad
1335 1849 1382 1875 ea
1401 1849 1509 1888 quae

162 1891 420 1946 praecedunt
452 1890 702 1931 adtenderit.
746 1893 1031 1932 Hemsterlms.
1067 1891 1119 1932 ad
1153 1892 1324 1931 Plutum
1345 1905 1388 1933 v.
1410 1890 1507 1933 808

165 1961 204 1998 p.
225 1959 273 1987 2¹-
254 1947 318 1986 '‘5.

253 1971 333 2051 lIl,
354 2001 420 2049 88.
449 2005 582 2056 μγαδη
583 2003 716 2051 ἐνειος.
748 2001 845 2042 Vid.
864 2001 1106 2044 Schneider.
1125 2001 1177 2041 ad
1194 2002 1371 2043 Aristot.
1389 2003 1445 2044 H.
1455 2002 1506 2044 A.

164 2057 530 2125 v01.111.p.154.
557 2067 599 2098 et
616 2057 803 2098 Lobeck.
825 2058 876 2096 ad
896 2057 1127 2109 Phrynich.
1147 2073 1191 2111 p.
1207 2058 1300 2100 662.

275 2115 446 2166 11‚107.
474 2112 544 2164 τοῖς
567 2114 642 2156 δὲ’
623 2116 808 2167 εκατέρας
824 2115 896 2164 τῆς
913 2115 1082 2168 γλώττης
1101 2112 1354 2164 κοιλότητας,
1383 2130 1508 2169 χηρα-

143 2186 261 2222 ,μους
289 2170 488 2213 καλοῦσιν.
544 2171 662 2209 Haec
693 2184 788 2210 vera
823 2169 1012 2217 credam,
1049 2184 1143 2208 cum
1173 2170 1269 2224 quis
1299 2169 1504 2221 docuerit,

165 2240 367 2278 quaenam
397 2225 453 2265 sit
478 2234 657 2279 utraque
685 2223 757 2264 ina
785 2226 972 2296 li'nguae„
986 2226 1168 2267 cavitas:
1209 2225 1376 2264 interim
1407 2225 1505 2265 dum

164 2281 245 2320 hoc
268 2281 353 2332 fiat,
381 2284 536 2335 legam:
568 2280 637 2328 τοῖς
656 2283 733 2324 ὃὲ“
712 2299 903 2337 ἐκατερως
921 2299 992 2331 της
1009 2277 1182 2345 γλωττης
1200 2279 1442 2334 κοιλότητας,
1463 2291 1506 2322 et

165 2337 394 2392 intelligam
416 2346 639 2391 utrumque
662 2352 830 2383 cavum,
869 2352 998 2376 unum
1018 2337 1210 2389 superius
1229 2338 1447 2391 linguam'
1435 2352 1507 2375 m-

164 2401 226 2430 ter
253 2402 295 2432 et
323 2397 530 2445 palutum3
565 2396 737 2432 alterum
773 2393 973 2443 inferius,
1004 2408 1027 2432 a
1052 2393 1199 2448 lingua
1219 2407 1311 2432 cum
1335 2393 1505 2432 maxilla

167 2448 361 2487 infeliori
374 2449 609 2487 formatum.
638 2451 830 2502 .Heringa
847 2449 1082 2488 Observatt.
1102 2463 1142 2501 p.
1161 2449 1228 2488 25.

275 2505 334 2551 ΙΙ,
372 2519 383 2543 ι
401 2516 458 2543 ¹0.
501 2504 546 2546 τό
567 2507 608 2546 δὲ
628 2504 921 2559 ἐπιγιγνόμενον
935 2503 1002 2554 τῆι
1018 2503 1184 2557 pluium
1197 2502 1400 2557 ἑλκύδριον
1417 2503 1503 2548 ὀλο-

166 2562 306 2612 φυκιὶς
329 2562 505 2602 καλεῖται
523 2563 564 2603 ἐν
588 2563 669 2610 τοῖς
689 2562 926 2604 ’λἰτανοπᾶσι
943 2561 1014 2604 τοῦ
1029 2561 1249 2613 Μυρτίλου.
1307 2561 1504 2622 δίορταε-
