1656 2976
134 135 239 178 1746
742 133 796 175 X.
856 138 946 180 145.

239 241 340 297 παρ’
369 242 515 299 Εὖριπ.
542 244 726 311 λέγοντι]
775 246 870 286 MS·
911 245 1045 302 εὕροις
1068 245 1142 300 ἄν,
1173 246 1403 304 Εὖριπὶδου
1429 251 1562 307 Edon·

129 301 227 342 σθεῖ
250 301 488 356 Σατυρικῴ·
519 315 597 340 nec
626 301 777 342 dubito
803 315 973 356 prorsus
1003 303 1205 356 scribere,
1233 306 1348 346 utin
1369 308 1458 348 MS.
1486 311 1560 348 Se-

129 357 213 395 ben·
221 369 232 396 ι
261 356 390 411 εὕροις
406 359 448 399 ἐν
464 352 688 410 Εὕριπίδου
704 351 918 412 Εὗρυσθεῖ
936 360 1151 417 Σατυρικῷ
1160 371 1171 383 ·
1198 360 1253 403 dc
1273 375 1358 417 quo
1376 363 1561 404 dramate

127 411 337 453 videndus
361 412 535 453 Casaub.
564 413 599 453 1.
629 411 681 454 de
707 414 798 455 Sat.
828 427 864 455 c.
894 415 934 456 5.
991 416 1122 456 Iunc.
1365 446 1367 448 -

236 466 342 523 παρ’
370 467 584 521 Εὐριπίδη
610 470 797 524 λέγοντι]
847 471 1030 526 Egregie
1064 470 1116 512 de
1139 473 1313 512 Polluce
1348 483 1561 515 merentur

126 523 249 564 MSS.
280 538 458 579 quorum
479 524 681 578 integram
698 525 924 567 lectionem
947 528 993 567 in
1013 535 1173 568 textum
1192 529 1387 582 reposui,
1416 531 1459 572 ἐν
1477 529 1561 574 Εὗ-

125 583 285 633 ριπίὁου
313 575 524 635 Εᾶρυσθεῒ
544 582 780 636 Σαευρικῴ·
827 591 871 621 et
903 583 1006 622 alibi
1040 593 1284 636 corruptum
1311 585 1355 623 in
1390 586 1562 626 Polluce

124 636 209 675 hoc
235 635 373 676 drama
397 635 620 677 refecimus
642 651 666 677 c
685 637 807 678 MSS.
844 637 977 678 Porro
996 639 1130 692 ipsam
1153 641 1325 695 Tragici
1343 643 1459 694 ῥῆσιν
1476 641 1561 682 Co·

125 692 240 732 dices
278 692 478 731 intactam
506 702 831 734 conservarunt:
879 693 1106 749 ἑξεθὲρισεν
1136 694 1248 734 euim
1284 696 1474 750 ineptum
1504 695 1559 737 ad

123 747 246 787 metri
277 748 510 800 rationem,
540 747 710 800 σπάθην
737 746 879 791 κόλιαν
900 762 998 789 vero
1022 763 1145 790 nemo
1167 752 1405 791 mortalium
1429 753 1557 794 intel-

120 804 242 859 ligat.
283 805 459 856 Hesych.
489 803 706 851 Κολούων,
737 805 888 856 μειοῦν,
919 805 1115 847 ἔλαττῶν·
1143 814 1186 846 et
1212 807 1402 856 Κολούει,
1432 825 1560 851 κατα-

120 864 235 906 σείει.
262 855 414 910 (witru,
445 858 608 911 κωλύει,
637 863 850 913 ἐμποδίζει,
877 863 1057 915 κολοβοῖ·
1090 859 1244 913 Σπιίθη
1264 862 1470 917 φασγάνου
1489 881 1559 918 με-

120 917 310 959 λανδέτου
337 915 449 955 nihil
477 926 542 956 est
577 916 694 956 aliud
725 930 849 970 quam
870 913 1079 971 φαῖσγανον
1096 918 1352 972 μελάνδετον·
1384 930 1559 974 propter

121 973 234 1011 illam
260 973 521 1026 περίφρασιν,
553 971 693 1023 credo,
724 971 844 1011 addit
866 973 1054 1016 Auctor:
1082 976 1122 1016 εἰ
1136 975 1179 1017 δὲ
1194 975 1310 1017 τοῦτο
1329 973 1558 1028 ἀμφίβολον

120 1038 201 1072 etc.
226 1027 299 1067 sed
333 1028 446 1081 quod
478 1042 543 1068 me
571 1030 676 1068 male
697 1027 850 1079 habet,
881 1037 947 1068 est
964 1026 1151 1082 πύρινον.
1182 1029 1388 1084 siquidem
1403 1032 1464 1070 sic
1482 1031 1558 1071 ab-

118 1087 257 1124 solute
289 1083 473 1137 positum
508 1083 622 1123 nihil
654 1083 807 1124 habeat
839 1097 925 1138 quo
963 1084 1110 1126 referri
1143 1087 1302 1139 possit,
1341 1100 1475 1141 caque
1503 1086 1557 1126 dc

120 1153 242 1178 causa
269 1140 457 1194 cogitavi
483 1140 540 1189 ὥς
561 1156 603 1182 τε
634 1134 760 1194 ηὗρον
785 1138 837 1181 ἄν
855 1139 997 1196 σπάθῃ
1023 1151 1103 1182 etc.
1133 1156 1212 1195 qua
1233 1142 1398 1182 ratione
1419 1143 1558 1183 versui

119 1194 233 1236 nihil
262 1194 439 1235 decedit.
481 1195 608 1236 video
639 1195 1011 1249 lungermannum,
1049 1207 1099 1237 ut
1126 1195 1415 1238 difficultatem
1448 1197 1556 1238 effu-

118 1250 236 1303 giat,
273 1251 536 1291 comminisci
564 1265 715 1306 panem
742 1251 980 1300 triticeum3
1012 1251 1084 1293 sed
1106 1266 1230 1307 quam
1257 1252 1363 1292 illud
1383 1254 1440 1294 sit
1472 1254 1555 1294 hoc

116 1310 214 1346 loco
241 1306 581 1354 incommodum,
612 1321 735 1347 nemo
764 1321 851 1346 non
886 1307 1017 1347 videt.
1062 1318 1246 1348 nostram
1279 1322 1378 1348 vcro
1405 1309 1554 1349 lectio·

118 1376 212 1401 nem
235 1363 371 1414 ipsum
392 1362 499 1402 illud
518 1364 741 1415 ἑξηθέριζεν
758 1365 973 1414 postulare
990 1363 1170 1403 videtur.
1204 1363 1256 1404 de
1275 1363 1468 1421 φασγάνῳ
1484 1382 1553 1420 με·

116 1419 292 1471 λανδείῳ
315 1418 413 1458 vide
434 1419 693 1457 salmasium
711 1417 763 1457 ad
788 1419 1008 1457 Historiae
1024 1420 1138 1472 Aug.
1164 1419 1322 1472 Script.

226 1474 465 1526 ἐξεθὲρισεν]
495 1474 587 1517 MS.
618 1475 853 1526 ἐξεθὲριζεν.
909 1474 1008 1517 San.

222 1531 471 1584 ἒξεθὲρισεν]
509 1530 604 1570 MS.
634 1539 777 1570 noster
807 1530 1051 1582 ἐξηθὲριζεν·
1095 1529 1167 1571 sed
1195 1529 1434 1571 emendavit
1460 1532 1554 1586 quis

116 1586 329 1626 recentior
366 1587 606 1637 ἰξεθέριζειι,
638 1595 688 1625 ut
720 1599 772 1625 ex
809 1600 886 1625 suo
907 1586 997 1627 MS.
1029 1585 1206 1626 adnotat
1229 1587 1411 1628 seberus.
1469 1589 1553 1629 Sed

117 1642 359 1681 temerarius
392 1641 562 1681 videtur
589 1641 723 1682 fuisse
754 1642 828 1680 illc
856 1652 1080 1682 corrector.
1121 1655 1216 1681 nam
1244 1643 1469 1694 ἕξηθέριζεν
1485 1647 1553 1685 le-

116 1697 298 1751 gendum
320 1711 461 1738 versus
482 1697 574 1751 ipse
604 1697 746 1738 iubere
761 1695 941 1737 videtur.
979 1708 1028 1738 ut.
1056 1699 1167 1737 enim
1185 1697 1263 1738 hos
1286 1713 1429 1739 versus
1448 1714 1554 1740 con-

115 1753 337 1806 cipiendos
357 1763 499 1807 putem
525 1767 624 1792 mox
646 1753 794 1792 dicam.
852 1753 978 1793 Prius
998 1753 1270 1802 indicandum
1290 1766 1355 1795 est
1386 1755 1431 1794 in
1453 1754 1551 1800 MS.

114 1804 254 1860 σποῖθη
272 1810 425 1861 fuisse,
455 1808 526 1848 sed
548 1808 812 1849 emendatum
839 1823 928 1849 esse
955 1823 1126 1865 quoque
1144 1808 1322 1860 σπάθην,
1354 1820 1403 1850 ut
1420 1811 1550 1866 vulgo

115 1875 191 1907 est.
244 1865 359 1918 quod
394 1865 562 1905 facinus
596 1864 697 1904 inde
733 1866 992 1919 profectum,
1029 1864 1143 1919 quod
1173 1863 1340 1918 πύρινον
1381 1865 1550 1917 σπάθην

114 1921 239 1975 iungi
259 1920 406 1961 debere
426 1922 484 1960 ita
507 1921 681 1960 omnino
699 1920 929 1972 crederent,
948 1920 1020 1961 sed
1041 1919 1183 1960 nescio
1203 1935 1256 1960 an
1279 1935 1398 1974 opus.
1427 1920 1549 1962 Certe

114 1975 228 2031 quod
259 1977 451 2029 sequitur
480 1979 618 2019 κολίαν
647 1975 758 2016 nihil
788 1986 873 2027 est,
903 1986 946 2016 et
972 1990 1049 2031 pro
1077 1989 1128 2016 eo
1154 1976 1250 2016 MS.
1280 1975 1454 2019 κολούων
1475 1976 1548 2016 ha-

112 2033 199 2080 bet,
231 2032 347 2086 quod
373 2047 511 2083 sensu,
543 2041 593 2072 ut
622 2031 752 2084 illud,
781 2046 869 2073 non
899 2042 1012 2072 caret
1046 2040 1167 2076 certe.
1207 2032 1270 2073 sic
1294 2033 1436 2089 itaque
1453 2045 1548 2073 cum

113 2087 204 2131 MS.
235 2089 316 2128 ista
338 2089 580 2129 constituo:

756 2164 810 2174 —
838 2141 921 2192 πᾶς
952 2144 995 2186 δὲ
1025 2139 1222 2200 φασγάνῳ

277 2200 520 2255 ἕξηθὲριζεν,
551 2199 652 2242 ὥστε
678 2195 847 2254 πύρινον
874 2195 1020 2254 σπάθῃ

275 2257 451 2300 κολούων
480 2252 683 2311 φασγάνου
712 2257 950 2307 μελανδέτου
978 2277 1047 2295 -.

114 2327 235 2366 quem
271 2314 520 2353 versiculum
556 2311 747 2351 ultimum
775 2325 860 2350 non
891 2314 1063 2364 plenum
1091 2323 1181 2351 esse
1207 2308 1339 2351 vides.
1373 2319 1415 2350 et
1433 2311 1545 2352 forta

112 2383 190 2407 nec
217 2372 387 2421 plenum
421 2369 567 2419 posuit
597 2368 775 2416 Pollux,
812 2366 926 2420 quod
961 2367 1025 2406 illi
1060 2375 1222 2405 tantum
1251 2365 1302 2405 ad
1321 2380 1436 2406 suam
1458 2382 1544 2407 rem

113 2424 164 2462 de
194 2424 341 2476 spatha
374 2423 596 2464 sufficeret.
640 2424 710 2462 De
732 2436 879 2476 magna
902 2422 1028 2463 caede
1047 2421 1133 2461 dici
1151 2420 1347 2460 videntur
1365 2432 1407 2462 et
1427 2438 1543 2476 prac-

112 2480 172 2518 lio
208 2481 397 2530 Comieo,
449 2495 533 2533 quo
580 2492 722 2518 omnes
762 2479 874 2518 ferro
914 2477 1178 2517 demetebaut
1216 2475 1382 2527 hostes,
1421 2478 1543 2532 quasi

112 2536 321 2575 frumenta
344 2539 408 2576 vel
430 2551 576 2589 panem
602 2535 815 2574 triticeum
839 2533 981 2588 gladio
1003 2532 1308 2574 detruncarent.
1351 2534 1415 2572 sic
1444 2548 1544 2576 sane

112 2592 258 2645 capio5
289 2593 324 2631 si
347 2607 436 2631 non
458 2602 591 2641 recte,
622 2590 781 2631 discam
801 2600 935 2630 tamen
953 2588 1089 2629 libens
1109 2588 1298 2628 rectiora.
1329 2589 1457 2631 IUNG.
