1690 2996
170 71 277 113 1538
794 67 848 108 X.
903 70 973 111 79.

167 179 376 232 σκευαρίου
405 180 545 217 Basia
571 176 768 218 Trebatio
800 176 956 217 dictum
984 177 1202 219 adnotavit
1223 176 1378 218 Iunius
1402 179 1587 219 Nomen-

166 238 338 284 datore,
364 247 518 287 vnempe
536 236 565 274 l.
595 245 681 273 100.
701 233 853 275 haereo.
884 238 923 291 §-
945 233 984 275 5.
1014 235 1073 273 D.
1094 234 1144 274 de
1163 235 1311 288 Legat.
1332 232 1371 275 5.
1404 235 1481 275 Gus'
1504 236 1585 274 Go-

167 291 323 330 rintlu'a
355 304 459 327 vasa
490 291 628 341 legata
655 298 806 337 essent,
835 297 873 327 et
902 288 1034 344 βάσεις
1054 304 1209 342 quoque
1235 304 1372 329 eorum
1391 304 1584 329 vasorum

164 346 494 384 collocandorum
515 359 647 383 causa
654 352 834 396 paratas
852 344 995 394 deberi,
1024 345 1239 384 Trebatius
1247 346 1477 396 respondit.-
1496 347 1584 385 La·

167 402 235 439 beo
256 409 391 439 autem
422 400 470 438 id
491 414 573 438 non
597 399 764 453 probat,
793 403 832 438 si
850 415 920 440 eas
938 400 1070 455 βάσεις
1087 409 1260 439 testator
1277 414 1438 440 numero
1458 415 1585 440 vaso-

166 471 256 496 rum
275 456 436 496 habuit.
494 456 700 494 Proculae
723 470 812 494 pero
832 465 938 494 recte
956 459 1043 507 ait,
1071 457 1109 494 si
1134 470 1284 495 aeneae
1301 455 1460 508 quidem
1480 458 1581 504 sint,

165 527 246 551 non
275 521 411 550 autem
442 510 708 562 Corinthiae,
737 525 818 550 non
841 511 987 552 deberi.
1045 511 1167 551 Certe
1196 509 1247 550 ad
1267 514 1448 552 maculas
1465 524 1584 563 map-

166 582 310 621 parum
332 568 552 619 impressas
571 565 676 605 mihi
695 576 794 606 sunt
814 565 859 605 in
881 576 1058 607 mentem
1069 567 1141 606 illa
1155 567 1372 606 Martialis
1381 565 1582 607 lib.X1v.

163 624 309 679 Epigr.
331 621 421 670 158.

542 688 742 741 Gausapa
761 689 923 740 villosa,
958 690 1025 727 vet
1041 689 1223 729 mantile.

374 744 568 783 Nobilius
588 744 895 795 villosaetegant
916 744 995 782 tihi
1016 745 1145 783 lintea
1162 746 1336 787 citrum:

440 800 611 838 Orbibus
630 801 675 836 in
692 801 843 837 nostris
862 800 1043 838 circulus
1059 813 1141 837 esse
1153 807 1302 850 potest.

162 865 247 906 Ubi
269 867 452 904 circulus
480 864 591 904 labes
619 873 681 903 est
707 865 902 918 impressa
924 879 945 904 a
968 864 1188 918 paropside
1207 868 1275 905 vel
1291 867 1459 919 poculo,
1475 874 1525 905 ut
1540 874 1582 905 et

169 923 376 961 Turnebus
405 921 481 961 lx.
517 919 675 961 advers.
697 919 764 960 24.
785 921 1023 972 explicavit.
1077 921 1192 960 Hine
1209 934 1307 960 vero
1327 930 1453 974 patet.
1471 919 1583 974 quod

162 976 245 1016 hoc
266 991 351 1015 non
374 985 483 1015 recte
509 974 715 1028 acceperit
733 974 840 1014 idem
861 975 917 1014 H.
941 977 1090 1015 Iunius
1108 974 1159 1014 ad
1180 976 1320 1015 nescio
1342 975 1455 1030 quod
1475 975 1584 1015 Chi-

162 1032 369 1086 rurgicum
392 1031 728 1071 instrumentum.
758 1031 1032 1084 Excipulum,
1061 1031 1121 1070 ait
1139 1031 1182 1069 in
1210 1032 1411 1070 Nomenct.
1433 1045 1504 1084 ego
1515 1045 1584 1069 vo·

163 1088 313 1137 citabo,
340 1101 445 1139 paee
460 1086 714 1125 eruditorum
733 1086 852 1139 bona,
882 1088 1090 1126 vasculum
1102 1086 1209 1140 quod
1222 1086 1476 1126 subiicitura
1490 1086 1583 1124 Chi·

164 1146 300 1195 rurgis
314 1175 325 1196 ,
355 1143 450 1180 dum
482 1144 729 1193 sanguinem
751 1142 971 1180 detrahant
996 1143 1187 1193 scalpello
1200 1171 1211 1190 ,
1243 1141 1296 1180 ab
1315 1145 1403 1180 eius
1423 1143 1584 1181 vas-culs*

164 1214 256 1248 usu,
289 1198 398 1252 quod
412 1197 633 1237 subiicitur
649 1197 847 1236 doliorum
854 1199 1042 1246 fistulis:
1070 1194 1262 1250 ὑπόθημα
1279 1198 1389 1238 Poll.
1408 1195 1582 1239 ὗπόστα-

162 1272 255 1305 τον,
283 1252 526 1296 ὑπόκυκλον.
566 1252 601 1290 si
624 1252 734 1291 enim
754 1255 910 1291 Pollux
939 1255 1021 1292 tale
1047 1255 1258 1292 vasculum
1289 1252 1578 1301 intellexisset,

164 1311 300 1363 capite
330 1322 395 1349 20.
424 1306 718 1358 antecedente,
753 1307 825 1346 ubi
844 1322 948 1361 quae
973 1306 1074 1362 πρὸς
1098 1309 1247 1356 πίθους
1270 1306 1582 1364 exsequebatur,

162 1365 206 1404 id
226 1364 477 1404 nominasset
496 1373 537 1403 et
557 1363 819 1415 explicasset,
853 1373 916 1402 sat
938 1363 1040 1403 scio.
1095 1366 1212 1404 Ione(

272 1421 338 1462 ἐπὶ
353 1418 538 1470 πάντων]
571 1418 620 1458 C.
645 1418 691 1458 A.
714 1417 830 1460 ἐπεὰν
852 1435 896 1459 π.
914 1416 951 1460 ὖ.
1008 1426 1150 1458 Kum.

271 1476 414 1530 χρυσέα
441 1475 483 1516 δέ
508 1471 583 1525 σφ’
608 1470 753 1527 dudm]
792 1474 919 1514 Iliad.
939 1479 988 1520 Σ.
1007 1474 1097 1524 575.
1125 1473 1199 1513 ubi
1219 1472 1416 1530 quaedam
1437 1485 1582 1512 exem-

162 1532 293 1587 plaria
308 1548 321 1573 .-
350 1527 428 1573 ’ὑπὸ
450 1525 572 1571 κύκλα
591 1530 645 1570 ἐκ.
665 1539 711 1568 ut
727 1530 782 1568 sit
802 1530 942 1569 tmesis
964 1543 1038 1582 pro
1068 1527 1268 1583 ὑπέθηκε,
1296 1537 1580 1581 supposueratz

160 1587 383 1633 ὑπόκυκλον
400 1594 536 1625 autem
564 1586 764 1632 συνθέτως
781 1585 936 1638 legitur
963 1585 1107 1637 Odyss.
1127 1587 1164 1636 δ,
1194 1583 1282 1626 151.
1337 1590 1416 1627 San.

270 1644 414 1699 χρυσέα
439 1642 480 1684 δέ
520 1637 595 1694 σφ’
627 1638 772 1695 indm]
825 1640 874 1681 C.
907 1641 958 1679 A.
985 1643 1140 1695 χρυσιΐα
1164 1639 1245 1695 σφῦ
1270 1636 1473 1683 ὗπόκυκλα
1501 1648 1580 1680 eto.

243 1718 303 1742 EN.

160 1709 242 1742 KUE
272 1756 335 1798 nai
353 1752 563 1805 πῦνδακα]
594 1754 628 1793 Ε
651 1752 743 1793 MS.
765 1751 925 1805 priores
954 1750 1164 1790 editiones
1184 1752 1291 1794 πίνδ.
1345 1755 1472 1791 Suana.

271 1812 336 1853 καὶ
362 1807 573 1862 πύνδακα]
612 1807 655 1850 G.
681 1809 733 1848 V.
751 1806 897 1858 πύνδα,
927 1807 1076 1847 omissa
1096 1823 1158 1849 κα.
1194 1806 1241 1850 C.
1264 1807 1315 1846 A.
1336 1805 1380 1845 in
1396 1804 1581 1850 πῦνδακα

163 1867 258 1908 finit
277 1867 358 1906 hoc
377 1874 513 1917 caput.
570 1871 714 1904 Kumm.

271 1934 337 1975 καὶ
357 1929 563 1982 πύνδακα]
593 1929 680 1970 MS.
701 1930 767 1971 καὶ
783 1926 913 1971 πὺνδα
930 1929 997 1971 καὶ
1018 1927 1228 1981 duodena
1271 1926 1343 1968 sed
1371 1927 1579 1980 mendose,

162 1999 211 2029 ut
234 1987 374 2043 quivis
404 1985 533 2024 videt.
574 1985 655 2024 hoc
677 1994 813 2023 tamen
846 1995 970 2032 recte,
991 1983 1102 2039 quod
1129 1984 1259 2036 prima
1282 1984 1437 2036 syllaba
1457 2003 1481 2028 v
1503 1995 1581 2038 est,

167 2059 296 2099 quum
318 2052 435 2082 antea
456 2040 615 2093 vulgati
636 2039 793 2091 ubique
817 2042 920 2080 male
937 2039 1031 2081 ibic
1050 2038 1268 2087 habebant,
1298 2039 1409 2092 quod
1431 2049 1539 2080 recte
1556 2055 1579 2080 a

167 2102 311 2138 sehero
335 2108 479 2137 nostro
506 2096 696 2144 eiectum,
720 2096 793 2133 illo
814 2095 1052 2135 substituto.
1112 2095 1374 2133 Pheres-ratis
1390 2099 1524 2148 Λῆροι
1539 2105 1582 2135 et

164 2156 214 2196 ab
241 2155 448 2194 Athenaeo
470 2150 705 2200 laudantur,
735 2159 782 2187 ut
804 2149 1021 2189 adnotavit
1044 2148 1308 2190 casaubonus
1327 2149 1406 2192 III.
1425 2151 1580 2191 Athen.

166 2211 230 2253 15.
262 2211 416 2250 Versus
434 2207 688 2248 Pherecratis
709 2205 752 2244 in
769 2203 859 2246 MS.
883 2204 1056 2246 desunt.-
1083 2214 1262 2258 possunt
1279 2213 1414 2245 antem
1430 2205 1489 2245 ita
1509 2219 1582 2246 re-

163 2264 408 2307 concinnati
424 2277 436 2304 ε

375 2332 552 2383 λαβοῦσα
572 2326 640 2381 μὲν
665 2330 736 2379 τῆς
753 2327 924 2379 χοίνικος
936 2325 1006 2370 τὸν
1021 2325 1205 2370 πύνδακα

374 2388 620 2440 ἐσὲκρουσεν.
674 2388 782 2422 Iunc.

275 2450 562 2504 εἶσέκρουσεν.]
594 2450 821 2489 Intrortsum
838 2448 1003 2502 adegit,
1031 2458 1079 2487 ut
1097 2449 1155 2487 ita
1177 2447 1314 2487 minor
1332 2446 1448 2488 fieret
1463 2461 1583 2487 men-

166 2524 275 2550 sura.
307 2519 348 2549 et
365 2508 446 2547 hoc
465 2508 602 2560 ipsum
623 2505 748 2558 paulo
772 2514 867 2558 post
887 2519 939 2544 ex
955 2504 1231 2555 Aristophane
1248 2502 1403 2543 dicitur
1421 2501 1582 2556 ἐκκρού-
