1690 2996
137 77 245 120 1424
751 75 804 118 X.
861 80 925 121 50.

138 202 212 227 sua
237 186 420 228 Thraces
442 186 649 228 obtexisse
664 187 784 228 testis
805 198 866 228 est
887 188 1118 229 Herodotus
1139 188 1183 229 in
1214 190 1452 242 Polymnia:
1487 187 1560 243 τοὶς

140 246 182 285 δὲ
210 241 363 295 κνήμας
393 242 530 298 ῥάκεσι
564 245 798 298 φοινικέοισι
837 248 1103 300 κατειλίχατο,
1141 259 1247 300 quae
1285 246 1440 286 fasciae
1472 259 1559 286 non

141 300 247 339 aliae
277 308 395 350 sunt,
428 313 550 353 quam
585 303 785 351 crurales,
815 300 859 338 in
879 300 971 339 aliis
993 315 1158 355 quoque
1176 301 1374 341 Graeciae
1393 302 1562 354 populis

143 355 339 406 usitatae3
368 354 440 394 sed
463 355 561 393 istas
585 359 726 395 colore
746 355 924 409 puniceo
950 356 1129 396 imbutas
1151 356 1328 396 Thraces
1345 358 1424 396 soli
1443 356 1563 410 pedi·

143 409 221 448 bus
256 409 344 449 suis
379 410 748 451 circumdederant.
798 425 923 464 porro
972 412 1123 451 fascias
1158 414 1336 451 crurales
1372 412 1562 451 cruribus

142 479 303 518 semper
330 465 549 505 obvolutas
568 466 785 517 existimo,
814 466 984 520 pedulia
1002 482 1102 507 vero
1123 467 1363 507 constitisse
1382 469 1565 520 plerum-

145 534 225 574 que
251 533 308 559 ex
336 524 432 560 lana
464 521 657 570 coactili,
688 525 756 562 vel
789 525 931 574 plexa,
957 522 1105 577 quibus
1134 521 1408 562 induerentur
1423 521 1564 575 pedes,

144 589 231 614 non
271 576 599 617 involverentur.
645 575 688 617 id
716 576 894 617 arbitror
919 589 1058 631 patere
1085 592 1135 617 ex
1164 577 1356 616 adductis
1388 591 1410 616 a
1442 577 1564 616 nobis

142 631 270 681 locis,
302 632 479 685 ipsoque
497 633 736 683 nominum,
765 632 918 687 quibus
943 633 1019 672 hae
1040 647 1101 672 res
1121 631 1407 685 designantur,
1441 632 1565 687 inge-

144 687 232 726 nio.
269 688 445 740 πέλυτρα
472 687 581 726 enim
601 703 622 727 a
654 688 1020 728 circumvolvendo
1056 696 1153 726 sunt
1190 687 1326 739 dicta;
1362 691 1471 731 πίλοι
1489 702 1565 727 au-

144 751 251 793 tem,
284 742 356 797 qui
384 753 427 783 et
449 739 570 785 πόδια
597 758 619 783 a
645 743 832 796 cogendo
856 753 897 782 et
922 742 1138 792 cudendo,
1167 745 1235 782 vel
1255 743 1564 794 condensa-ido,

145 797 354 851 siquidem
383 813 435 838 ex
461 799 536 837 tali
562 800 733 838 materia
753 799 942 837 confecta
964 799 1123 838 fuerint
1141 798 1240 837 olim
1258 798 1424 851 pedulia
1447 798 1567 852 apud

145 864 332 904 veteres,
363 852 478 907 quod
500 855 643 907 itaque
672 863 816 907 postea
836 867 986 892 nomen
1012 853 1208 892 remansit
1226 867 1391 908 quoque
1409 853 1459 893 de
1475 857 1568 907 ple-

144 911 210 948 xis
240 909 473 962 pedulibus.
514 923 630 949 secus
659 908 769 961 apud
797 909 1010 948 Romanos
1041 922 1085 948 se
1105 922 1167 948 res
1186 908 1360 955 babuit,
1390 910 1464 961 qui
1483 919 1567 948 tam

146 963 271 1016 pedes
301 978 423 1018 quam
454 978 572 1003 crura
607 965 750 1003 fasciis
780 963 1064 1004 involvebant.
1103 963 1294 1018 egregius
1315 977 1339 1004 e
1362 963 1570 1003 Ciceronis

150 1019 356 1059 Oratione
392 1020 437 1057 in
471 1019 651 1058 Clodium
678 1033 803 1072 supra
828 1019 949 1059 nobis
983 1022 1132 1058 allatus
1165 1029 1227 1059 est
1249 1021 1392 1059 loeus:
1435 1019 1568 1059 Varro

151 1074 324 1116 Catone:
358 1075 470 1114 Mihi
486 1090 608 1126 puero
621 1076 782 1114 modica
807 1089 891 1113 una
902 1075 996 1126 fuit
1014 1078 1157 1114 tunica
1177 1082 1217 1113 et
1235 1083 1357 1127 toga,
1384 1077 1471 1114 eine
1485 1075 1571 1128 fa-

145 1134 249 1170 sceis
265 1133 566 1171 calceamenta:
591 1145 674 1184 quo
696 1131 803 1170 nihil
824 1131 954 1184 magis
976 1131 1239 1184 perspicuum
1259 1129 1411 1170 habere
1429 1144 1568 1184 queas.

146 1187 314 1227 labente
340 1197 476 1226 tamen
500 1196 686 1239 tempore
707 1196 749 1226 et
767 1185 813 1224 hi
834 1185 1047 1239 impilibus
1072 1195 1112 1224 et
1126 1185 1348 1238 pedulibus
1370 1196 1468 1225 sunt
1487 1187 1569 1237 usi,

152 1256 259 1296 quae
288 1242 430 1282 eadem
459 1243 631 1281 omnino
661 1256 752 1280 cum
774 1242 1024 1280 Graecorum
1048 1242 1178 1290 πίλοις
1198 1250 1240 1279 et
1259 1243 1434 1289 ποδίοις·
1460 1250 1571 1280 atta-

147 1301 470 1347 menMusonius
487 1298 752 1352 antiquorum
771 1297 930 1336 >rituum
944 1295 1224 1349 philosophus
1247 1297 1567 1335 callentissimus

149 1357 274 1395 πίλων
287 1356 488 1406 περίὸεσιν
507 1352 651 1406 inquit
670 1351 782 1404 apud
805 1352 1028 1390 Stobensem
1046 1352 1169 1392 Serm.
1183 1351 1216 1391 Ι.
1237 1353 1355 1390 locus
1377 1361 1439 1390 est
1457 1365 1572 1405 egre-

150 1410 267 1463 gius,
297 1409 559 1464 adscribique
577 1407 748 1463 dignus:
778 1406 844 1450 διά
864 1408 975 1451 τοῦτο
994 1403 1174 1461 ου’δαμῶς
1189 1405 1312 1448 καλόν
1331 1402 1422 1449 οὔτε
1443 1403 1572 1457 ἐσθή-

150 1481 238 1507 σεσι
257 1466 419 1511 πολλαῖς
441 1464 699 1507 κατασκέπειν
720 1460 765 1506 τό
789 1467 924 1515 σῶμα,
947 1463 1036 1505 οὔτε
1055 1463 1231 1513 ταινίαις
1247 1466 1458 1511 zatecz-sb,
1484 1463 1573 1505 οὔτε

151 1519 288 1575 χεῖράς
306 1537 346 1562 τε
366 1523 432 1562 καὶ
452 1519 575 1568 πόδας
592 1518 797 1572 περιδέσει
814 1522 937 1561 πίλων
949 1516 992 1561 ’τε
1012 1521 1079 1561 καὶ
1095 1518 1338 1571 ὑφασμάτων
1354 1519 1475 1560 τινῶν
1492 1535 1572 1571 μα-

151 1576 334 1618 laudum
360 1573 448 1624 τούς
467 1592 509 1631 γε
532 1572 588 1627 μή
605 1576 844 1628 νοσοῦντας·
875 1584 922 1613 ut
945 1588 1029 1614 non
1054 1573 1227 1627 pedibus
1246 1573 1392 1613 induta
1412 1575 1574 1613 solum-

153 1632 300 1685 modo,
331 1631 400 1670 sed
425 1641 465 1671 et
493 1632 790 1670 circumvincta
812 1629 952 1669 videas
973 1629 1155 1682 pedulia.
1195 1643 1278 1668 rem
1301 1643 1397 1669 vero
1423 1629 1570 1683 ipsam,

154 1702 274 1740 quam
301 1687 436 1727 verbis
465 1687 558 1726 istis
575 1687 767 1726 continet
799 1689 962 1740 elegans
995 1684 1298 1738 philosophus,
1338 1684 1529 1725 hauserat
1549 1698 1574 1724 ο

153 1745 216 1783 Re
234 1743 405 1782 Publica
433 1745 645 1792 Platonis,
675 1742 717 1780 in
737 1756 815 1797 qua
835 1740 996 1795 legibus
1023 1740 1293 1780 Atheniensis
1309 1740 1456 1778 summi
1473 1753 1576 1794 per-

153 1799 322 1838 missum
344 1812 428 1838 non
450 1799 532 1837 fuit
555 1807 627 1837 aut
649 1798 762 1850 pileo
794 1807 940 1850 caput,
969 1795 1149 1849 pedesve
1164 1795 1311 1835 calceis
1331 1804 1490 1850 tegere,
1519 1808 1574 1834 ne

157 1865 354 1904 naturae,
386 1868 511 1908 quae,
543 1853 653 1906 quod
679 1853 780 1892 satis
799 1862 885 1892 erat
903 1854 1092 1905 utrisque
1112 1855 1290 1902 tutelae,
1318 1849 1572 1904 providerat,

154 1909 272 1949 fieret
305 1910 571 1950 contumelia.
622 1907 717 1948 vide
745 1908 839 1947 libr.
874 1908 974 1947 X11.
1012 1907 1064 1946 de
1098 1906 1246 1961 Legib.
1277 1906 1353 1945 sub
1383 1905 1572 1945 initium.

155 1965 341 2004 Fasciam
376 1978 473 2003 vero
501 1963 612 2017 apud
629 1965 872 2002 Martialem
890 1963 963 2003 lib.
995 1963 1068 2004 XI.
1098 1963 1234 2015 Epist.
1270 1962 1358 2002 105.
1414 1963 1576 2000 Fascia

156 2030 195 2059 te
215 2023 457 2072 tunicaeque
476 2027 641 2071 tegunt,
674 2020 925 2071 obscuraque
939 2020 1082 2069 palla,
1118 2020 1167 2058 de
1189 2015 1414 2058 cruralibus
1444 2017 1576 2056 intel-

156 2077 240 2131 lige
267 2090 398 2129 ‚quae
421 2074 611 2126 fascias,
642 2075 789 2126 quibus
819 2089 945 2113 crura
986 2076 1229 2123 vestiuntur,
1265 2074 1577 2123 Quinc-tilianae

155 2132 327 2171 vocavit.
353 2130 423 2172 lib.
453 2131 526 2170 Xl.
559 2144 647 2183 cap.
681 2128 717 2170 5.
746 2144 906 2182 possem
940 2129 1134 2181 equidem
1161 2127 1212 2168 ad
1242 2127 1349 2166 hano
1367 2141 1451 2167 rem
1475 2127 1578 2166 illu-

156 2187 366 2226 strandam
403 2186 482 2224 alia
514 2188 631 2239 plura
659 2185 703 2222 in
729 2185 910 2223 medium
941 2185 1111 2225 adferre.
1151 2183 1222 2239 sed
1241 2182 1407 2222 modum
1425 2195 1513 2221 asse
1530 2183 1576 2221 in

157 2243 278 2282 rebus
309 2241 426 2282 decet
456 2251 580 2294 atque
626 2250 759 2279 certos
799 2239 918 2289 fines,
970 2253 1074 2292 quos
1103 2239 1212 2277 intra
1248 2236 1575 2281 consistendum:

158 2313 245 2338 nos·
259 2309 397 2338 tamen
417 2296 721 2336 animo‘nostro
746 2295 996 2334 indulsimus
1015 2293 1252 2347 aliquando.

265 2385 294 2414 ‘²⁵⁵
315 2382 405 2435 τούς
423 2382 561 2437 πόδας]
592 2383 794 2436 Leopard.
824 2382 882 2434 ῙῘ,
906 2394 943 2422 2.
968 2384 1047 2435 leg·
1077 2386 1178 2435 Σοφ·
1209 2379 1258 2424 to?
1275 2377 1409 2429 πόδια,
1440 2379 1579 2430 (aliter

158 2440 230 2491 tric
251 2443 433 2496 ποδίδας)
467 2441 576 2480 infra
597 2453 721 2494 segni.
757 2438 843 2484 168.
873 2443 958 2480 καλ.
1017 2438 1116 2479 sas.

268 2519 298 2548 ἢ*
315 2519 405 2568 τούς
432 2517 586 2572 πόδας]
628 2515 677 2560 w?
700 2515 831 2568 πόδια,
857 2516 1051 2569 pedalia,
1080 2517 1150 2555 vel
1167 2515 1338 2566 pedulia
1359 2490 1579 2568 intelligit,
