1656 2976
150 125 257 165 1800
750 119 802 162 X.
861 123 953 164 164.

148 229 366 282 κόλυθρον,
409 243 514 282 quae
545 231 712 283 vulgata
734 238 796 269 est
821 230 964 283 lectio,
995 244 1049 271 ex
1077 231 1286 272 Athenaeo
1320 232 1498 287 aliisque
1523 232 1576 270 si-

147 286 348 340 gnificare
367 285 498 324 didici
512 285 643 333 sicum
663 293 884 339 maturam,
914 287 984 326 cui
1007 287 1157 341 utique
1182 287 1295 330 nihil
1322 301 1490 341 prorsus
1516 296 1577 327 est

147 356 240 380 cum
259 344 430 394 speculo
446 354 686 392 commune3
716 339 818 380 adeo
842 352 889 380 ut
907 345 1023 382 nulla
1045 343 1208 382 ratione
1233 344 1479 396 scripturam
1490 343 1577 384 edi-

144 407 229 437 tam
252 395 424 436 defendi
444 410 566 460 posse
587 371 833 435 existimem.
866 397 1053 450 igiturne
1075 398 1480 451 cumInterpretibus
1501 411 1576 437 no-

145 453 245 492 stris
265 455 418 516 locum,
451 452 516 490 uti
543 450 723 502 videtur,
758 455 1058 493 conclamatum
1089 453 1348 494 destituam?
1391 467 1444 493 an
1472 467 1578 507 quae

149 507 357 562 cogitanti
379 516 586 547 venerunt
605 507 649 546 in
673 517 867 560 mentem,
895 509 975 549 etsi
1000 509 1181 549 forsitan
1213 509 1287 549 illa
1314 509 1402 549 sint
1433 508 1576 561 inepta

149 573 192 604 et
208 564 369 602 nullius
389 562 589 602 momenti
601 563 757 614 futura,
778 578 869 602 cum
883 563 1047 604 erudito
1067 568 1224 606 lectore
1245 563 1576 604 communicem?

147 620 231 659 hoc
264 628 374 659 certe
405 617 562 670 potius,
596 618 633 656 si
660 619 827 658 fortean
853 619 1030 660 aliorum
1057 633 1230 661 acumen
1259 629 1301 660 et
1327 619 1576 659 industriam

148 675 252 715 meis
268 673 486 713 conatibus
507 672 695 714 excitare
713 675 894 727 possim3
923 689 1017 714 nam
1046 689 1069 715 a
1086 676 1263 716 veritate
1293 675 1502 716 aberrasse
1531 675 1575 713 in

149 742 232 771 tam
264 729 393 769 densa
427 729 610 784 caligine
641 729 691 768 ab
733 731 876 783 aequis
915 745 1050 771 rerum
1087 730 1420 772 aestimatoribus
1451 730 1576 781 vitio,

149 786 288 837 credo,
318 799 404 824 non
424 794 619 824 vertetur.
678 784 852 825 Codicis
878 795 1015 825 autem
1047 787 1426 839 Falckenburgiani
1446 785 1576 826 lectio

149 841 202 882 ad
222 841 468 894 scripturam
490 842 658 895 vulgata
681 844 807 905 longe
828 841 1153 895 probabiliorem
1177 856 1243 882 mo
1267 841 1476 895 perduxit.
1506 841 1578 881 vi-

149 898 220 938 des
241 896 302 936 ibi
321 897 556 949 σκέλυθρον,
590 895 702 950 quod
727 895 834 936 mihi
865 897 909 935 in
940 898 1179 937 memoriam
1206 896 1428 937 revocabat
1453 909 1577 937 voces

146 952 372 1008 σκόλυθρος
395 962 436 991 et
460 949 715 1007 σκολύθριον,
749 951 801 992 de
821 952 974 1006 quibus
995 953 1159 994 abunde
1183 952 1276 991 dixi
1293 952 1344 992 ad
1362 965 1489 1006 segm.
1508 951 1576 992 48.

146 1023 230 1064 quo
259 1012 357 1048 loco
391 1016 487 1047 ante
515 1021 592 1047 nos
625 1009 846 1075 σκελίθρια
874 1007 960 1047 fuit
991 1007 1278 1062 publicatum,
1317 1008 1485 1062 ipsique
1517 1006 1577 1046 ibi

144 1065 266 1105 MSS.
300 1063 512 1103 constanti
551 1077 690 1104 errore
728 1060 942 1132 σκελύθρια
982 1064 1200 1118 legebant3
1240 1077 1375 1118 eoque
1405 1063 1576 1103 facilius

146 1121 252 1160 mihi
274 1117 571 1188 persuadebam
595 1115 819 1174 σκελυθρον
839 1119 911 1158 hio
930 1120 1062 1159 fuisse
1081 1129 1292 1159 exaratum
1325 1133 1401 1172 pro
1430 1116 1579 1162 σκόλυ-

145 1184 247 1231 θρον
268 1178 336 1216 vel
357 1171 615 1227 σκολύθριον,
656 1190 833 1230 quorum
862 1185 999 1214 utrum
1027 1176 1148 1215 alteri
1174 1176 1230 1214 sit
1247 1174 1576 1226 anteferendum,

144 1247 246 1272 mox
278 1230 583 1273 arbitrabimur.
623 1246 748 1299 porro
792 1228 1038 1287 σκολύθρους
1063 1231 1330 1271 Grammatici
1364 1229 1579 1283 interpre-

145 1298 288 1328 tantur
309 1289 489 1351 δίφροις,
519 1297 561 1327 et
581 1284 808 1339 σκολύθρια
831 1289 986 1341 διφρία.
1017 1287 1217 1327 Eustath.
1237 1286 1289 1326 ad
1310 1284 1394 1329 'Oel-
1424 1286 1477 1328 A·
1506 1284 1577 1328 ’Eu

143 1346 187 1386 δὲ
206 1344 259 1397 τῷ
275 1339 433 1395 παλαιῷ
441 1343 651 1411 ῤἠτορικῳ
669 1344 830 1409 Λεξικῷ
861 1344 1048 1396 εὕρηνται
1070 1343 1138 1384 καὶ
1162 1337 1394 1411 σκολύθρια,
1424 1343 1577 1410 duppin

139 1399 313 1454 sspoexs'oe·
345 1400 413 1439 και
430 1397 559 1445 ἄλλως
589 1401 644 1445 δὲ,
678 1396 895 1449 σκόλυθρα,
927 1399 1068 1467 διφρία
1097 1394 1284 1441 ταπεινά·
1322 1397 1390 1440 καὶ
1415 1394 1503 1438 ἔστι
1530 1413 1575 1439 ἰο

139 1457 214 1511 μὲν
235 1456 395 1507 &moion
416 1455 501 1495 ἐκεῖ
518 1471 572 1503 ως
590 1455 716 1507 γένος,
747 1453 793 1496 τό
810 1455 851 1496 δὲ
878 1449 1100 1507 σκόλυθρον
1123 1452 1152 1503 ἦ
1170 1448 1414 1520 σκολύθριον
1436 1451 1492 1501 αἷς
1520 1453 1574 1495 εἷ-

141 1514 231 1559 δος·
261 1510 287 1559 ἦ
308 1510 349 1551 δὲ
368 1524 508 1563 χρησις
530 1508 656 1552 αὐτοῦ’
678 1509 925 1563 αναφέρεται
944 1526 1002 1557 εις
1023 1506 1226 1552 marma
1247 1512 1291 1552 ἐν
1309 1506 1573 1563 Ειῖθυδημῳ·

141 1570 264 1621 plura
292 1565 454 1618 protuli
485 1565 618 1605 citato
645 1569 756 1613 loco,
793 1566 866 1604 ubi
894 1575 936 1604 et
962 1564 1210 1619 σκολύθρους
1231 1563 1439 1614 habebas,
1479 1579 1572 1604 cum

142 1622 394 1662 Eustathiue
415 1619 487 1659 hic
509 1618 718 1675 σκόλυθρα
740 1635 907 1675 quoque
928 1621 1131 1674 proferat,
1162 1633 1414 1675 quanquam,
1443 1629 1492 1660 ut
1510 1620 1575 1659 in-

141 1691 289 1743 genue
301 1675 449 1723 dicam,
482 1676 525 1715 in
555 1676 778 1730 posteriori
798 1677 953 1716 Lexici
982 1675 1031 1716 ab
1061 1677 1281 1716 Eustatlzio
1309 1674 1480 1715 adducti
1503 1678 1575 1716 lo-

142 1748 192 1774 co
218 1730 425 1784 σκόλυθρα
443 1745 567 1785 prave
578 1733 732 1785 scripta
752 1732 973 1772 videantur
984 1746 1060 1783 pro
1080 1729 1322 1785 σκολύθρια·
1351 1745 1573 1784 exponun-

140 1800 212 1829 tur
229 1789 340 1830 enim
362 1789 503 1842 διφρία
522 1789 693 1828 nomine
719 1787 944 1835 diminuto,
984 1788 1052 1827 cui
1080 1789 1194 1841 prius
1222 1785 1398 1826 necdum
1429 1800 1573 1826 corru-

139 1855 260 1899 ptum
280 1843 546 1911 respondisse
567 1858 667 1884 vero
687 1844 824 1883 simile
844 1853 920 1884 est.
949 1842 1111 1883 accedit
1134 1843 1389 1896 Hesychius.-
1415 1840 1572 1884 Σκολυ-

140 1909 257 1956 θρια,
285 1915 452 1942 ταπεινα
472 1902 638 1955 διφρία·
671 1898 772 1938 hinc
794 1899 972 1938 forsitan
990 1898 1187 1951 deceptus
1206 1898 1459 1937 Euanthius
1480 1897 1572 1940 σκό-

139 1962 291 2008 λυθρον
312 1953 472 2006 posuit,
514 1970 606 1994 cum
636 1969 659 1994 a
691 1953 919 2008 σκόλυθρος
947 1957 1130 1994 masculo
1157 1967 1304 2009 genere
1330 1949 1572 2007 σκολύθριον

142 2010 387 2062 descendat;
418 2009 521 2050 baec
539 2020 675 2050 tamen
695 2025 781 2050 non
802 2020 998 2075 tanquam
1022 2010 1195 2050 omnino
1216 2017 1326 2049 certa
1354 2007 1571 2048 venditare

141 2069 305 2108 animus
329 2075 403 2105 est.
460 2067 518 2104 At
541 2066 614 2119 qui
637 2066 817 2119 poteris,
859 2064 1050 2119 inquies,
1093 2065 1195 2106 haec
1222 2059 1446 2116 σκολύθρια
1475 2077 1568 2102 cum

140 2125 328 2163 Pollucaes
341 2122 686 2174 interpretatione
707 2120 963 2160 conciliare‘2
991 2116 1251 2187 σκολύθροις
1247 2119 1358 2159 enim
1370 2118 1570 2158 dissimil-

140 2180 286 2219 limum
308 2187 371 2217 est
398 2175 634 2229 κάτοπτρον.
675 2177 786 2215 bona
814 2176 951 2226 verba,
994 2190 1163 2230 quaeso.
1201 2172 1418 2228 κᾶτυστρον
1436 2176 1570 2213 Falc-

142 2235 418 2287 kenburgiani
449 2233 625 2273 Codicis
653 2232 776 2271 aliam
803 2235 931 2285 longe
958 2233 1184 2272 lectionem
1217 2229 1372 2285 prodit.
1418 2243 1496 2284 ego
1523 2229 1567 2268 in

141 2305 192 2330 eo
215 2304 278 2330 me
296 2289 472 2342 vestigia
501 2287 809 2341 deprehendere
831 2297 934 2340 puto
949 2290 1232 2343 καθιστηρίου,
1259 2286 1380 2333 sedis,
1413 2287 1479 2325 vel
1499 2303 1568 2328 κα-

140 2348 335 2398 θεὸρίου,
375 2358 481 2399 quae
514 2358 600 2384 vox
639 2343 849 2397 posterior
881 2344 924 2381 in
958 2343 1114 2383 Glossis
1141 2341 1388 2409 exponitur,
1426 2339 1567 2391 sedile,

142 2402 385 2442 subsellium.
422 2401 538 2467 prior
563 2408 626 2439 est
654 2398 764 2452 apud
785 2398 1063 2450 Hesychium:
1093 2400 1265 2450 Δίφρον,
1290 2396 1414 2450 ἅρμα,
1442 2403 1570 2439 καθι-

139 2454 324 2509 στήριον,
363 2455 610 2510 κράββατον,
650 2454 793 2509 ὄχημα.
845 2453 923 2493 hac
961 2454 1102 2519 itaque
1131 2466 1232 2493 voce
1258 2453 1402 2504 δίφρον
1428 2454 1571 2505 Hesy-

142 2513 284 2551 chium
306 2525 392 2551 esse
421 2511 739 2563 interpretatum
769 2509 900 2550 vides.
947 2508 1171 2562 σκόλυθρον
1197 2517 1333 2548 autem
1359 2508 1568 2547 Gramma-

139 2568 248 2607 ticos
268 2581 476 2620 exponere
497 2569 645 2621 δίφρον
668 2565 865 2617 diximus,
901 2575 948 2606 ut
976 2575 1199 2619 utrumque
1219 2564 1277 2604 sit
1305 2563 1567 2603 commodum
