1690 2996
161 107 270 148 1334
780 100 833 142 X.
889 106 957 146 23.

158 228 236 254 nos
255 226 391 254 veram
413 212 637 253 lectionem
662 212 705 250 iu
726 215 859 253 lucem
881 213 1184 267 protraximus:
1219 214 1469 264 Ποσίδιππος
1491 218 1592 271 γοῦν

157 273 203 314 ’ἐν
232 269 375 312 Γάλατι
395 271 495 321 φησὶ
515 268 653 323 κόρακι
670 266 818 310 κλείεθ·’
839 267 867 322 ἦ
886 269 1017 322 θύρα·
1059 284 1164 323 quae
1186 269 1242 308 ita
1256 299 1266 317 ,
1297 280 1344 308 ut
1364 270 1488 309 scribi
1511 285 1591 310 cu-

156 327 340 366 ravimus
356 325 398 362 in
420 334 551 375 textu,
581 335 678 364 sunt
699 325 1046 364 reconcinnanda.
1077 325 1145 363 sed
1171 334 1303 364 tamen
1327 325 1431 364 illud
1449 323 1590 368 κλύεθ’

157 380 184 435 ἡ
201 382 308 434 θύρα
329 394 394 418 me
417 380 592 419 necdum
616 380 803 430 dimittit,
836 381 946 433 quod
968 380 1094 419 fuerit
1110 381 1326 433 equidem:
1360 382 1589 421 occluditur

159 441 303 478 ianua.
334 446 375 475 et
396 435 620 476 videndum
647 436 851 488 profecto,
882 436 916 474 si
934 434 1112 474 forsitan
1126 436 1246 486 κόραξ
1263 435 1371 488 apud
1389 437 1587 490 antiquos

157 507 245 532 non
265 488 457 546 ῥόπτρον,
489 491 599 544 quod
627 491 780 544 Belgae
803 490 977 529 dicimus
1009 505 1087 532 een
1118 495 1256 543 Plopp
1272 506 1329 537 et,
1359 492 1428 531 sed
1442 507 1588 544 pesau-

158 551 244 588 Ium
275 561 441 601 quoque
481 547 739 601 designavit:
781 548 1062 598 Etymologum
1091 546 1186 584 vide
1218 548 1260 584 in
1295 543 1516 602 αὐαζυγοῦν
1545 556 1589 588 et

157 600 423 658 ἆναζυγαῖσαι,
465 602 508 640 in
539 617 623 655 quo
650 602 710 640 sic
742 616 828 640 eam
861 616 1001 641 vocem
1034 602 1244 655 intelligas
1277 613 1456 655 oportet.
1501 603 1587 642 imo

156 674 258 700 vero
284 674 358 698 nec
388 658 464 696 hac
494 658 660 709 quidem
694 671 800 709 opus
825 657 903 696 erit
925 656 1260 710 significatione,
1293 658 1439 708 modo,
1471 657 1588 712 quod

154 717 440 767 ἓπίσπαστρον,
471 717 608 753 valere
637 726 933 766 agnoscamus,
963 726 1046 765 quo
1071 722 1242 751 attracta
1274 714 1413 752 claudi
1442 714 1588 767 potuit:

156 773 294 812 ianua.
328 784 405 821 ego
426 779 562 808 tamen
581 768 632 807 ad
651 770 763 807 illam
783 767 1023 817 lectionem,
1055 781 1174 820 quam
1202 768 1381 817 reddidi,
1402 783 1585 823 propen-

155 827 233 868 deo
253 827 394 880 magis.

264 881 518 932 ocolus-oria]
558 875 793 926 ἆντίκλειδες
821 892 913 916 cum
949 887 1123 916 accentu
1154 878 1196 916 in
1225 887 1416 931 antepen.
1459 880 1584 920 etiam

151 939 247 979 MS.
268 940 325 976 D.
349 937 618 975 Hoesclzelius
641 935 820 973 Praefat.
854 933 897 970 iu
926 933 1236 971 Dictionarium
1258 934 1583 978 Latino-Graec.

154 993 380 1042 ἄντικλεΐδα,
423 991 585 1045 inquit,
621 999 767 1028 contra
795 990 1044 1027 Lexicorum
1075 977 1388 1040 auctoritatem,
1429 992 1586 1031 clavem

154 1051 430 1090 adulterinam
467 1062 536 1086 ceu
570 1047 786 1085 adversam
829 1047 1068 1096 interpretor
1104 1059 1151 1083 ex
1191 1045 1310 1083 Glem.
1351 1043 1582 1089 Alexandr.

151 1112 309 1160 -Στρωμ,
339 1104 433 1144 VII.
470 1118 510 1156 p.
542 1101 636 1145 525.
668 1097 758 1144 οὐδὲ
783 1098 854 1153 τὴν
882 1106 987 1142 κλεῖν
1016 1102 1166 1154 ἔχοντες
1193 1097 1304 1142 αὐτοὶ
1322 1106 1388 1154 τῆς
1412 1101 1583 1154 εἰσόδου,

150 1165 288 1216 ψευδῆ
308 1161 348 1201 δέ
368 1176 467 1206 τινα,
496 1159 562 1199 καὶ
581 1157 656 1212 (ὥς
676 1171 798 1210 φησιν
817 1153 844 1207 ἦ
866 1155 1076 1210 συνήθεια)
1099 1154 1332 1197 ἄντικλεῖδα.
1391 1162 1472 1197 Su.

262 1213 517 1267 οἷντίκλειδες]
549 1215 594 1252 Id
618 1223 660 1253 et
677 1227 799 1266 supra
822 1212 918 1260 VII,
938 1224 1028 1262 107.
1050 1213 1156 1250 forte
1169 1211 1470 1252 restituendum
1481 1212 1582 1264 fuit,

150 1274 218 1313 nis
239 1272 383 1327 potius
405 1271 764 1320 Aristoplzaneum,
795 1276 842 1305 ut
865 1267 926 1304 ibi
949 1266 1052 1304 dixi.
1108 1273 1216 1307 Iunc..

262 1330 303 1371 ἐν
322 1327 477 1378 Σφηξὶ]
519 1325 564 1366 C.
594 1326 638 1364 V.
659 1319 769 1377 παροῖ
785 1323 826 1364 δὲ
844 1319 1115 1376 Ἀριστοφάνει
1134 1323 1300 1377 Σφιγξὶ,
1330 1336 1407 1375 pro
1430 1325 1580 1378 Σφηξὶ,

156 1385 309 1435 Vespis‚
337 1383 409 1421 ubi
429 1381 499 1420 hic
522 1390 639 1419 extat
660 1393 828 1419 versus:

364 1439 512 1491 καὶτῆς
534 1438 785 1484 κατακλεῖδος
801 1435 996 1488 ἐπιμελοῦ,
1023 1435 1090 1476 καὶ
1110 1438 1182 1476 τοῦ
1203 1438 1363 1488 μοχλοῦ.

147 1501 290 1537 Kmum.

262 1553 304 1592 ἐν
317 1549 484 1601 Σφηξὶ]
516 1547 603 1590 MS.
624 1549 666 1589 ἓν
683 1546 856 1600 Σφιγξὶν
873 1562 911 1588 κ.
931 1559 1068 1584 errore
1090 1543 1244 1584 crebro.
1301 1545 1446 1585 Locus
1468 1545 1579 1585 enim

148 1608 192 1650 ἓν
213 1608 345 1659 Σφηξὶ
373 1606 526 1643 Comici
544 1603 757 1656 hodieque
778 1610 1002 1651 extat,non
1014 1604 1142 1655 longe
1160 1599 1422 1654 aprincipio,
1436 1615 1580 1658 φηςι-

151 1663 221 1704 vis
238 1661 441 1717 singulari
463 1673 634 1700 numero
657 1659 718 1696 ibi
740 1661 911 1711 legatur,

363 1718 430 1759 καὶ
449 1722 518 1769 τῆς
538 1718 790 1762 κατακλεῖδος
805 1714 1001 1766 ἐπιμελοῦ,
1031 1712 1096 1753 καὶ
1115 1716 1191 1753 τοῦ
1208 1715 1366 1766 μοχλοῦ.

364 1769 585 1825 φυλάττεθ’
606 1769 715 1819 ὅπως
734 1768 787 1823 μὴ
804 1767 877 1821 τὴν
896 1765 1071 1823 βάλανον
1087 1768 1321 1823 ἐκτρώξεται.
1379 1774 1486 1809 Imm.
1528 1772 1533 1775 ’

259 1829 531 1882 κατακλεῖδες]
563 1828 678 1878 Vesp.
699 1839 738 1867 v.
766 1825 850 1866 154.

362 1907 417 1914 -—
434 1890 501 1935 τῆς
522 1884 768 1929 κατακλεῖδος
787 1881 988 1932 ἐπιμελοῦ,
1017 1880 1085 1920 καὶ
1102 1877 1173 1920 τοῦ
1187 1882 1346 1932 μοχλοῦ.
1369 1892 1371 1894 ·
1403 1883 1482 1917 San.

257 1941 465 1992 κλείοντα]
515 1939 560 1979 C.
581 1940 628 1980 V.
650 1939 934 1978 κατακλείοντα.
989 1941 1131 1974 Κυεεκ.

257 1997 456 2048 κλείοντα]
486 1994 574 2035 MS.
602 1995 880 2034 κατακλείοντα
900 1990 969 2040 τὰς
989 1996 1031 2031 θ.
1069 2003 1151 2044 quo
1170 1998 1294 2042 pacto
1314 1987 1499 2029 emenda.
1530 1989 1577 2030 id

146 2052 256 2094 enim
291 2051 540 2091 vocabulum
577 2051 825 2096 κατακλεῖδας
869 2046 922 2085 ad
962 2055 1132 2098 etymon
1168 2045 1342 2098 propius
1375 2055 1576 2098 exponat,

147 2123 271 2164 quam
290 2110 504 2161 vulgatum
525 2107 709 2147 κλείοντα.
767 2109 871 2141 Imm.

254 2163 463 2214 κλείοντα]
493 2162 606 2200 Bene
628 2159 677 2199 de
692 2159 817 2198 MSS.
843 2155 1152 2197 emendavimus
1171 2157 1462 2203 κατακλείοντα,
1489 2168 1573 2210 quo

147 2218 360 2259 adluditur
382 2218 434 2257 ad
454 2219 708 2263 κατακλεῖόες.
1347 2223 1350 2225 “

256 2273 577 2328 ἓπισπαστῆρες.]
609 2272 655 2312 C.
675 2272 725 2311 V.
748 2270 1017 2324 ἐπισπατῇρες.
1073 2273 1215 2307 lcum.

256 2387 356 2438 φησὶ
384 2386 447 2436 δὲ,
479 2383 585 2435 etc.]
626 2380 674 2421 C.
701 2380 751 2420 V.
781 2381 879 2433 φησὶ
906 2383 1004 2434 γοῦν
1024 2379 1065 2420 ἕν
1083 2382 1187 2433 τῷς.
1207 2377 1365 2431 βιβλίον’
1395 2385 1437 2418 et
1456 2391 1569 2427 mox,

144 2439 263 2495 ἀπρὶξ
295 2443 409 2480 abest
432 2440 481 2479 ab
502 2439 645 2478 eodem
674 2434 838 2478 Codice.
879 2448 955 2474 nec
972 2435 1203 2472 Herodotus
1223 2432 1360 2473 habet.
1416 2428 1574 2471 ‘Verum

144 2499 355 2538 enimvero
375 2495 540 2548 saepius
564 2493 730 2538 evenit,
760 2500 805 2529 ut
825 2491 992 2531 Veteres
1015 2504 1065 2529 ex
1087 2488 1292 2527 Herodoto
1307 2490 1488 2542 allegent
1505 2491 1573 2527 10-

145 2567 191 2593 ca
210 2553 400 2606 plenius,
431 2565 549 2607 quam
570 2547 697 2590 hodie
720 2546 939 2588 habentur.
995 2544 1176 2587 quenis
1195 2553 1257 2585 est
1278 2542 1328 2584 de
1343 2546 1574 2584 Pheretime
