1716 3016
227 168 312 211 986
844 164 921 205 IX.
978 167 1044 209 60.

232 276 402 317 deamus
422 274 592 330 utique.
622 273 721 314 dum
742 275 799 315 ita
823 290 866 316 se
884 275 956 317 dat
980 276 1170 328 occasio,-
1192 280 1386 332 paucula.
1443 271 1549 328 Βοῦς
1570 278 1655 334 igi-

230 341 300 372 tut
318 333 555 385 Sperlingio
577 341 638 370 est
654 335 860 371 numisma
882 333 995 372 illud
1008 342 1258 386 argenteum,
1285 333 1396 386 quod
1407 341 1570 374 tontum
1586 349 1655 373 ar-

225 390 344 441 genti
368 387 627 438 continebat,
660 402 738 440 quo
755 388 825 426 bos
838 391 921 427 emi
936 398 1098 441 posset,
1126 386 1356 443 δεκάβοιον,
1387 390 1433 428 in
1457 385 1534 442 quo
1554 398 1655 428 tan-

231 453 320 483 tum
341 444 527 496 argenti,
568 457 645 495 quo
661 443 791 482 decem
811 444 929 482 boves
948 447 1185 496 comparari
1206 453 1395 496 possent,
1425 453 1463 484 et
1484 443 1655 498 ἑκατόμ-

226 502 368 553 βοιον,
402 513 480 551 quo
507 506 677 538 centum.
705 498 778 539 sed
806 499 1015 539 iniuriane
1048 501 1246 554 rogitem,
1277 513 1360 554 quo
1391 499 1437 539 id
1467 510 1654 548 auctore,

231 568 316 608 quo
341 563 446 594 teste
467 553 663 592 constet?
701 564 810 594 certe
832 568 916 594 non
938 565 1090 595 temere
1111 565 1316 608 repertum
1339 556 1392 594 iri
1417 569 1652 610 quenquam

231 619 389 656 statuo,
400 608 472 662 qui
493 622 544 649 eo
563 608 688 648 modo
708 613 822 664 βοῦν,
833 607 1044 664 δεκάβοιον
1063 621 1105 650 et
1120 619 1162 651 et
1179 608 1434 664 ἑκατόμβοιον
1450 622 1653 664 exponat,

231 665 314 704 nisi
334 664 513 704 forsitan
530 665 573 702 in
592 663 699 704 hanc
719 680 802 705 rem
823 667 1012 707 converti
1025 680 1144 719 posse
1171 668 1264 720 quis
1276 676 1397 719 putet
1416 668 1655 719 Etymologi

231 719 353 760 verba
366 750 378 770 ‚
412 733 519 774 quae
547 722 663 774 βοίον
690 720 916 775 aliquando
934 724 1127 775 σταθμίον
1145 739 1182 764 τι
1202 721 1287 760 dici
1305 721 1537 764 adfirmant.
1581 722 1653 762 sed

231 775 342 815 nihil
358 775 461 815 hinc
479 774 647 830 quidem
668 785 731 816 est
751 776 962 829 praesidii.
1012 790 1138 830 porro
1161 777 1199 816 si
1219 776 1329 817 inter
1348 791 1539 816 nummos
1565 791 1652 816 non

232 844 355 871 cusos
371 834 472 886 βοῦς
492 830 692 882 extiterit,
722 840 881 871 tantum
899 831 1086 886 pendens
1102 832 1275 887 argenti,
1293 841 1495 886 quantum
1514 845 1654 873 emen-

232 886 289 926 do
318 886 419 927 bovi
438 894 546 936 erat,
575 900 716 927 annon
738 896 780 928 et
806 886 890 937 οἷς,
918 897 960 928 et
981 885 1148 940 μόσχος,
1178 898 1221 927 et
1235 881 1283 936 ὗς
1301 888 1507 927 similiave
1524 887 1653 928 fuisse

231 941 435 996 oportet?
465 941 567 995 quid
585 941 728 982 enim?
759 956 914 983 numne
932 943 1032 982 solis
1052 946 1133 997 βοῒ,
1166 945 1368 997 δεκαβοίῳ,
1398 952 1470 982 aut
1485 944 1656 995 ἑκατομ-

234 1000 334 1053 βοίῳ
355 997 540 1037 exerceri
559 1007 753 1050 poterant
764 997 927 1037 emendi
939 998 1232 1052 vendendique
1247 997 1393 1038 vices?
1422 1011 1508 1038 non
1527 1012 1650 1046 sane3

233 1053 390 1094 etenim
415 1065 500 1107 quo
533 1053 671 1105 pretio
701 1066 845 1104 ovem,
883 1054 1064 1093 vitulum
1077 1086 1089 1103 ,
1129 1067 1243 1094 suem
1278 1053 1442 1109 aliaque
1476 1051 1652 1093 minoris

232 1108 360 1164 pretii
380 1108 576 1147 animalia
594 1108 790 1148 emissent
803 1108 825 1148 ‘3
855 1118 898 1148 et
917 1118 1055 1148 tamen
1077 1108 1223 1148 horum
1249 1109 1394 1148 talium
1422 1109 1654 1148 nomisma-

233 1174 322 1204 tum
344 1163 601 1218 profundum
623 1164 748 1203 est-in
770 1164 956 1218 antiquis
982 1163 1257 1218 scriptoribus
1281 1163 1510 1204 silentium.
1547 1167 1654 1202 Pol-

235 1222 310 1260 lux
336 1228 475 1260 autem
503 1227 646 1260 noster
663 1219 810 1259 bovem
830 1221 1009 1260 valuisse
1029 1220 1156 1260 refert
1176 1219 1295 1258 binas
1316 1219 1477 1259 Atticas
1503 1219 1653 1258 drach-

234 1289 336 1325 mas,
348 1288 456 1328 quae
468 1273 562 1313 dum
585 1284 730 1328 argute
742 1274 867 1313 nimis
885 1284 1023 1328 captat
1033 1275 1497 1327 virpraestantissimus,
1514 1278 1653 1327 splen-

236 1330 348 1381 dide,
378 1330 441 1368 uti
461 1343 632 1379 censeo,
667 1330 933 1383 semetipsum
953 1340 1014 1370 est
1029 1331 1267 1368 frustratus.
1323 1330 1404 1368 Sed
1420 1332 1532 1383 quod
1549 1331 1654 1369 Pol-
1714 1328 1716 1338 ¹

235 1389 314 1425 lux
327 1418 338 1435 ‚
367 1384 500 1438 ipsius
517 1398 670 1438 ponam
689 1384 811 1425 verba
825 1415 837 1434 ,
877 1388 923 1424 in
942 1386 1075 1424 bovem
1103 1385 1210 1424 duas
1239 1385 1459 1424 drachmas
1479 1385 1653 1426 Atticas

233 1449 438 1493 computet
453 1443 635 1492 argenti,
667 1450 852 1479 monetae
870 1451 1034 1480 nostrae
1061 1452 1120 1482 12.
1138 1455 1248 1479 asses
1277 1441 1547 1491 Lubecenses,
1562 1441 1653 1494 fa-

235 1499 313 1536 cite
333 1496 443 1535 videt
460 1496 651 1547 quilibet,
681 1497 757 1534 Ιιοο
776 1499 957 1549 pretium
979 1499 1148 1535 minime
1168 1495 1383 1535 convenire
1401 1497 1506 1543 bovi,
1537 1498 1652 1535 nullo

236 1561 412 1604 tempore
432 1561 519 1590 tam
543 1553 623 1590 vile
633 1554 814 1605 pretium
834 1561 919 1590 tam
933 1554 1119 1605 proficuo
1142 1560 1183 1590 et
1200 1552 1545 1591 desideratissimo
1560 1555 1651 1590 ani.

235 1609 342 1647 mali
366 1616 584 1650 statuente.
634 1606 736 1662 quid
762 1607 925 1649 audio?
953 1609 1078 1647 ainne
1109 1621 1230 1656 vero,
1259 1607 1438 1660 pretium
1462 1606 1650 1646 binarum

235 1661 543 1713 drachmarum,
574 1676 659 1716 quo
686 1662 834 1703 bovem
857 1678 1068 1702 nummum
1099 1665 1256 1702 Pollux
1275 1662 1487 1712 aestimat,
1516 1663 1651 1701 mini-

235 1733 300 1758 me
321 1718 546 1758 convenire
568 1719 737 1757 animali
764 1719 952 1771 proficuo
973 1728 1014 1758 et
1037 1717 1418 1758 desideratissimo?
1447 1727 1558 1758 recte
1569 1718 1651 1757 hoc

233 1773 422 1829 quidem,
452 1787 538 1812 non
558 1774 819 1813 conveniunt
836 1773 959 1813 binae
979 1773 1196 1813 drachmae
1223 1774 1311 1812 vile
1326 1772 1450 1811 nimis
1471 1773 1650 1827 pretium

234 1829 358 1869 bovi:
391 1828 462 1869 sed
479 1829 553 1867 ubi
578 1828 741 1869 tandem
763 1832 949 1869 locorum
961 1828 1195 1868 adfirmavit
1213 1829 1376 1874 Pollux,
1394 1827 1507 1868 bove
1527 1842 1651 1866 num-

233 1898 302 1924 mo
317 1884 470 1923 animal
489 1883 594 1923 illud
608 1898 838 1938 cognomen
850 1885 1078 1938 comparari
1099 1898 1221 1937 posse
1234 1883 1256 1922 ?
1281 1896 1415 1937 neque
1427 1896 1525 1923 vero
1536 1897 1650 1922 com-

233 1940 368 1994 parari
382 1948 559 1991 poterat,
575 1949 695 1992 puto,
712 1949 793 1978 tam
808 1954 941 1991 parvo
960 1941 1096 1993 pretio
1114 1956 1125 1980 ε
1154 1949 1196 1979 et
1205 1937 1416 1978 ostendam
1434 1938 1537 1991 quid
1556 1953 1650 1977 cau-

233 2008 302 2035 sae
327 1995 370 2033 in
388 1993 490 2034 haec
505 1994 624 2034 devia
645 1995 830 2047 rapuerit
846 1994 1243 2048 praestantissimum
1264 2007 1418 2039 senem,
1455 1994 1649 2032 nimirum

234 2050 409 2090 omnino
429 2048 635 2089 statuebat
658 2049 805 2089 bovem
827 2051 983 2089 dictum
1002 2049 1108 2090 illud
1135 2049 1350 2099 nomisma,
1382 2049 1493 2103 quod
1515 2063 1649 2090 emen-

235 2105 279 2144 di
308 2105 427 2144 bovis
459 2103 640 2145 efficeret
668 2106 870 2158 pretium:
917 2105 990 2146 sed
1019 2120 1105 2145 non
1131 2119 1180 2145 ea
1206 2106 1373 2144 Polluci
1403 2105 1522 2144 stetit
1551 2119 1648 2145 sen·
1675 2128 1680 2130 -

233 2161 380 2212 tentia,
412 2160 487 2215 qui
507 2159 664 2199 dictum
684 2159 743 2198 ita
762 2160 915 2200 bovem
938 2159 1060 2201 docet
1073 2193 1083 2211 ‚
1116 2158 1173 2202 ὅτι
1193 2164 1296 2216 βοῦν
1316 2158 1415 2213 εἶχεν
1431 2161 1649 2202 ἐντετυπω-

230 2217 372 2270 μένον,
399 2229 486 2255 non
506 2214 619 2269 quod
639 2214 740 2255 bovi
758 2215 1032 2268 comparando
1051 2214 1273 2259 sufficeret.
1331 2217 1398 2254 Ex
1421 2215 1488 2254 his
1508 2224 1648 2269 pateat

232 2274 424 2327 argutula
454 2280 642 2318 tantum,
681 2284 729 2309 ac
759 2271 795 2309 si
827 2270 964 2311 dicere
990 2271 1113 2319 licet,
1144 2271 1516 2326 παρακεχαραγμένα
1544 2284 1646 2320 esse,

232 2340 340 2381 quae
359 2327 462 2366 haec
482 2326 562 2366 alia
578 2325 703 2366 habet
722 2325 804 2365 isto
834 2327 997 2379 capite:
1035 2326 1219 2367 Theseus
1250 2329 1355 2366 enim
1379 2326 1647 2365 Athenienses

230 2382 372 2421 docuit
396 2396 556 2433 aurum,
585 2389 802 2434 argentum
818 2390 855 2420 et
874 2396 942 2420 aes
965 2396 1008 2420 eo
1030 2382 1205 2433 pondere
1218 2380 1391 2430 κόπτειν,
1422 2395 1496 2433 quo
1511 2382 1647 2420 bovem

232 2451 359 2476 emere
382 2446 569 2489 possent,
599 2439 798 2489 talemque
827 2452 1034 2476 nummum
1062 2441 1159 2490 βοῦς
1189 2438 1367 2485 dictum,
1399 2438 1492 2475 licet
1510 2437 1646 2476 bovem

231 2495 618 2545 signatumminime
633 2491 840 2542 habuerit3
871 2496 934 2531 ita
948 2507 1099 2545 quoque
1109 2493 1314 2548 δεκάβοιον
1325 2493 1526 2530 laminam
1536 2496 1645 2539 auri,

230 2551 414 2601 argenti,
445 2552 554 2587 aeris
572 2563 650 2600 quo
675 2548 804 2586 decem
829 2549 944 2587 boues
969 2562 1090 2587 emere
1110 2549 1308 2597 valerent,
1335 2555 1373 2586 et
1389 2546 1646 2600 ἕκατοὲμβοιον

230 2617 315 2657 qua
334 2612 514 2643 centum:
544 2612 622 2644 aut
642 2607 744 2659 βοῦν
754 2603 890 2655 fuisse
908 2618 1113 2643 nummum
1126 2618 1284 2643 aereum
1299 2618 1383 2643 non
1399 2617 1557 2654 cusum,
1586 2606 1646 2646 δε.
1663 2618 1665 2620 ·
