1690 2996
174 145 282 186 1484
789 138 845 186 X.
901 141 968 184 62·

173 255 274 295 οἶκοι
297 251 366 303 μὲν
392 248 631 292 διαιιασθαι
653 249 1052 303 κατακεκλεισμένας,
1089 251 1135 294 ἓν
1160 251 1204 294 δὲ
1235 252 1323 302 ταῖς
1333 251 1593 320 ὁδοιπορίαις

172 307 252 350 vno*
267 322 416 355 σκηνας
435 303 562 373 κύκλῳ
579 307 943 370 περιπεφραγμένας
960 309 1025 348 ἐπὶ
1042 324 1119 348 των
1134 306 1377 360 ἅρμαμαξων
1392 307 1591 364 ὀχεῖσθαι.

175 362 239 402 Ad
262 362 335 400 has
356 358 504 410 σκηνάς
521 369 625 412 puto
645 363 876 414 respexisse
896 371 939 402 et
956 363 1256 414 Posidippum
1244 376 1288 402 ιιι
1306 363 1458 414 verbis,
1488 378 1593 419 quae

174 418 285 457 infra
304 414 725 470 segm.159.1t'mo.

283 473 523 519 κατέκλιναν,
563 470 839 525 κατεκάλυψαν
866 489 940 521 την
969 489 1030 514 σκ-
1045 472 1067 527 ]
1110 471 1205 511 Alia
1227 473 1382 527 longe
1369 487 1414 511 ιιι
1439 473 1592 512 nostris

176 542 299 567 manu
319 526 486 578 scriptis
509 525 740 565 codicibus
767 536 828 565 est
853 527 997 579 lectio,
1028 537 1149 581 atque
1177 530 1303 582 vulgo
1322 527 1432 580 apud
1453 529 1595 566 Xeno-

171 585 361 636 ρΙιοηιεηι
376 581 535 628 editum
562 594 698 633 neque
714 585 851 620 minus
872 583 943 622 illa
964 560 1069 621 ιιίἰὶιὶ
1089 581 1252 635 quidem
1266 582 1431 622 videtur
1451 582 1593 636 proba,

177 637 337 678 etiamsi
358 636 593 676 renitantur
612 635 845 675 doctissimi
874 638 1224 689 commentatam,
1254 639 1327 691 qui
1347 638 1390 676 in
1409 638 1592 676 animum

177 692 373 732 inducere
395 705 481 731 non
508 700 752 743 potnerunt,
786 692 1010 731 lectionem
1032 694 1143 731 inam
1166 706 1253 732 esse
1282 706 1415 731 veram
1438 702 1481 732 et
1512 706 1594 745 op-

175 757 410 803 portunam.
438 759 524 785 non
545 746 677 791 enim,
712 756 830 799 puto,
859 748 990 799 ipsam
1010 747 1220 786 mulierem
1248 747 1492 800 operiebant
1516 747 1595 786 hac

178 817 311 850 scena,
358 801 428 840 sed
461 801 656 854 imposita
688 803 860 840 muliere
889 815 1051 840 scenam
1087 802 1216 853 ipsam
1249 802 1509 870 obtegebant.
1548 803 1595 841 in

179 860 271 912 ipso
290 859 350 896 sic
369 858 511 924 itaque
532 857 800 907 Xenophonte
817 870 1060 922 reposuero:
1089 859 1133 898 ἐκ
1150 873 1289 899 τουτου
1304 855 1354 907 δη
1361 862 1402 899 οἱ
1421 854 1598 924 ευνοῧχοι

178 917 246 956 καὶ
267 918 308 954 αἱ
329 908 575 965 θεραπαιναι
603 913 795 964 λαβοῦσαι
830 910 951 962 αὐτην
960 907 1135 980 α’πῆγον
1157 914 1218 962 εἰς
1243 929 1313 962 την
1341 910 1594 966 αρμᾶμαξαν,

178 972 246 1013 καὶ
266 968 508 1014 κατέκλιναν,
534 965 603 1008 καὶ
624 965 902 1018 κατεκαλυψαν
923 984 993 1016 την
1010 964 1182 1017 σκηνήν·
1208 967 1346 1006 exinde
1365 981 1453 1006 vero
1470 982 1598 1006 eunu-

180 1026 251 1064 clu·
276 1032 315 1062 et
337 1023 516 1061 ancillae
539 1022 875 1073 apprehendentes
892 1036 982 1061 eam
1000 1023 1254 1062 abduxerunt
1280 1021 1342 1060 ad
1361 1022 1599 1061 harmama-

179 1094 289 1128 xam,
318 1087 355 1117 et
375 1086 684 1129 composuerunt
695 1081 739 1115 in
755 1078 913 1126 lectulo,
944 1091 1186 1130 scenamque
1201 1091 1272 1116 eeu
1291 1078 1599 1116 tabernaculum

183 1136 432 1181 obtexerunt,
463 1132 643 1172 sindone
671 1132 832 1171 scilicet
857 1133 1018 1186 aliqua,
1058 1135 1129 1172 vel
1157 1135 1276 1180 velo,
1315 1131 1427 1188 quod
1454 1146 1600 1172 scenae

182 1188 401 1252 tegendae‚
428 1190 560 1227 velut
580 1187 681 1226 huic
701 1186 853 1226 obduci
885 1196 1038 1238 posset,
1067 1187 1320 1226 destinatum
1349 1197 1449 1227 erat.
1495 1201 1601 1240 pon·

183 1245 260 1284 dus
285 1243 481 1297 opinioni
501 1256 614 1281 meae
643 1243 803 1282 accedit
826 1257 847 1280 a
869 1243 1088 1282 Plutarchi
1116 1242 1267 1293 verbis,
1297 1256 1403 1296 quae
1422 1242 1602 1312 protulit

139 1309 141 1312 ’
183 1303 523 1352 [unger-mannus,
550 1297 661 1336 unde
680 1314 827 1347 σκηνας
847 1298 946 1336 istas
972 1298 1102 1337 fuisse
1131 1295 1256 1351 κύκλῳ
1275 1296 1603 1351 περιπεφραγμέ-

183 1373 256 1404 νας
275 1354 422 1407 liquet,
454 1353 496 1390 id
520 1362 596 1401 est,
637 1362 847 1391 contectas
876 1367 923 1391 ac
955 1353 1142 1406 undique
1178 1353 1335 1391 cinctas
1354 1355 1458 1395 velo
1494 1366 1601 1406 quo-

185 1411 276 1450 dam
297 1411 360 1448 vel
379 1407 572 1460 pellibus,
602 1417 650 1446 ut
668 1416 784 1460 patet
804 1421 826 1446 e
851 1407 1002 1454 Curtio,
1035 1408 1107 1461 qui
1123 1405 1370 1460 ἁρμάμαξαν,
1410 1408 1480 1446 cui
1500 1409 1602 1446 Da..

186 1469 294 1506 rium
316 1465 574 1516 imposuerat
602 1464 768 1514 Bessus,
807 1463 1037 1502 vehiculum
1062 1463 1238 1516 pellibus
1263 1463 1446 1515 undique
1468 1471 1602 1501 conte.

186 1531 299 1561 ctum
319 1518 517 1569 exponit3
547 1527 723 1557 structas
742 1517 852 1556 enim
872 1518 1025 1557 moles
1013 1532 1057 1556 ιιι
1076 1532 1212 1568 curru,
1237 1531 1357 1582 quae·
1359 1532 1381 1556 a
1401 1517 1603 1556 iumentis

186 1575 297 1616 trahi
319 1573 507 1622 debeant,
547 1583 685 1612 mente
714 1576 822 1611 velle
853 1573 1073 1625 concipere
1098 1572 1299 1612 absonum
1325 1573 1380 1612 ait
1414 1581 1456 1611 et
1480 1573 1605 1611 inau-

188 1631 337 1671 ditum.
377 1642 502 1681 porro
527 1637 599 1667 aut
627 1642 691 1667 me
716 1628 827 1666 fallit
855 1628 1016 1667 animus
1046 1641 1213 1694 meus,
1229 1637 1302 1667 aut
1327 1628 1430 1674 istae
1455 1639 1604 1667 ucenae

188 1688 352 1726 curules
373 1698 456 1723 non
476 1683 682 1722 absimiles
698 1683 870 1722 fuerunt
889 1682 1072 1733 cameris,
1103 1678 1317 1737 καμᾶριας,
1346 1697 1447 1735 quau
1467 1684 1512 1726 in
1531 1697 1605 1722 ve-

187 1740 343 1781 hiculis
360 1739 692 1790 Babyloniorum
725 1748 1015 1777 commemorat
1046 1738 1299 1788 Her-edoma,
1339 1737 1412 1776 ubi
1438 1736 1489 1778 de
1513 1740 1606 1790 lege

187 1795 516 1846 Babyloniorum
534 1792 783 1857 turpi-asima,
812 1807 893 1846 qua
913 1804 1191 1845 comparatum
1211 1802 1321 1838 erat.
1357 1801 1403 1831 nt
1431 1801 1607 1831 cunctae

188 1850 381 1892 mulieres
401 1852 528 1888 semel
550 1848 594 1886 in
616 1848 703 1887 vita
720 1862 794 1887 sua
812 1847 1017 1886 duntaxat
1034 1849 1226 1887 notitiam
1252 1847 1449 1887 haberent
1472 1846 1606 1886 homi-

190 1906 256 1946 nis
279 1903 515 1958 peregrini:
541 1907 685 1945 πολλαὶ
714 1904 756 1944 δὲ
782 1905 848 1944 καὶ
881 1902 953 1946 οὐκ
967 1900 1191 1956 ιίξιεῦμεναι
1205 1901 1513 1969 ἀναμίσγεσθαι
1517 1903 1607 1958 ιῇσι

188 1962 352 2026 ἄλλῃσι,
391 1960 455 2000 οἷα
475 1957 641 2026 πλούτῳ
658 1957 1018 2024 υπερφρονέουσαι
1050 1961 1118 2001 ἐπὶ
1145 1959 1307 2011 ζευγέων
1332 1959 1373 1999 ἔν
1403 1953 1608 2012 καμάρῃσι

187 2005 382 2061 ἐλάσασαι
407 2011 507 2062 πρός
533 2030 577 2055 ιο
604 2011 690 2064 ἱρόν
717 2015 878 2057 ἶστᾶσι·
917 2014 953 2052 si
981 2027 1084 2067 quae
1113 2014 1243 2052 fuerit
1267 2013 1377 2052 inter
1406 2022 1606 2064 utrasque

187 2071 406 2112 manifesta
426 2067 678 2114 differentia,
706 2082 752 2107 ea
773 2078 932 2108 tantum
947 2069 1043 2118 fuit,
1069 2078 1119 2108 ut
1135 2081 1382 2108 camerarum
1400 2067 1492 2115 hae,
1522 2080 1607 2106 ace·

188 2140 333 2166 narum
368 2124 464 2163 illae
496 2122 723 2176 persimiles
762 2124 921 2163 fuerint
948 2099 1115 2177 figu'rae.
1147 2133 1187 2162 et
1206 2124 1278 2161 vix
1312 2122 1478 2176 quidem
1504 2122 1606 2160 haec
1673 2156 1676 2158 .

189 2182 240 2222 ad
262 2181 382 2219 finem
406 2178 689 2232 perduxeram,
721 2192 813 2216 cum
839 2192 922 2217 non
942 2181 1067 2231 longe
1089 2177 1248 2217 diversa
1267 2177 1510 2229 Scheff'erum
1530 2175 1604 2215 ob-

185 2249 371 2277 servasse
388 2232 663 2287 deprehendo.
721 2233 830 2271 His
818 2243 961 2285 itaque
980 2231 1212 2271 rationibus
1234 2241 1444 2295 permotus
1461 2230 1606 2284 genui·

188 2306 283 2331 nam
313 2290 429 2331 MSS.
457 2288 678 2328 lectionem
715 2287 758 2326 in
795 2297 953 2326 textum
983 2287 1193 2326 revocavi.
1258 2285 1360 2350 Egit
1391 2295 1529 2325 autem
1557 2285 1608 2326 de

190 2346 415 2386 Plutarchi
435 2344 785 2395 Xenophontis-que
809 2342 912 2380 locis
938 2340 1129 2380 laudatus
1159 2339 1283 2379 modo
1318 2339 1380 2379 vir
1410 2339 1608 2379 doctissi-

189 2415 280 2441 mus
303 2400 354 2438 de
373 2401 431 2437 Re
450 2399 674 2438 vehiculum·
693 2399 766 2437 lib.
790 2397 908 2440 11.c.
931 2410 992 2443 17.
1018 2406 1059 2435 et
1080 2395 1206 2434 animi
1228 2394 1381 2433 dubius
1401 2404 1476 2446 est,
1505 2393 1609 2448 quid

189 2456 301 2495 hac'
289 2470 334 2494 tn
359 2468 403 2493 re
426 2454 527 2492 certi
546 2463 711 2495 statuat.
743 2455 962 2504 scrupulus
983 2465 1005 2490 a
1026 2465 1089 2489 me
1110 2450 1311 2490 sublatus.

295 2506 563 2566 τετράκυκλοι]
597 2509 748 2549 Currus
764 2515 941 2562 quatuor
962 2515 1160 2556 rotarum,
1186 2506 1331 2556 bireti,
1372 2504 1423 2545 de
1452 2503 1606 2560 quibua

190 2579 329 2622 supra.
382 2567 556 2608 Konna.
