1630 2976
144 86 251 126 1934
418 78 766 120 BENTLEII
795 79 1206 124 EPISTOLAE,

144 185 364 246 portasse)
376 194 444 232 vel
474 192 618 244 potius
647 188 798 235 κύκλον
828 201 871 233 et
901 201 1030 231 totam
1055 192 1222 232 turbam
1241 192 1495 248 ῥωποπωλῶν

144 262 197 287 ex
226 248 321 288 foro
343 246 512 286 domum
539 247 697 298 redire5
734 257 852 288 tanta
880 262 1073 287 vasorum
1097 247 1164 288 vis
1183 259 1273 302 est,
1287 262 1426 314 quam
1448 258 1496 288 tu

143 313 300 357 portas.
357 302 488 346 Κενόν
509 299 644 353 κάδον,
675 317 743 353 ne,
775 304 810 343 si
829 304 931 343 vino
950 307 1119 357 plenum
1137 313 1257 357 esset,
1286 304 1419 356 impar
1436 317 1499 343 es-

145 368 210 398 set
230 361 420 399 servulus
439 368 504 399 tot
524 359 647 398 rebus
668 359 891 414 gestandis.
929 377 972 401 αι
989 370 1126 399 autem
1152 368 1194 400 et
1213 376 1232 401 ε
1251 359 1405 414 passim
1425 358 1500 398 in-

146 423 208 454 ter
229 428 274 453 se
293 416 464 466 mutari,
497 418 637 454 nullus
658 415 829 466 dubito,
861 416 963 467 quin
987 415 1117 468 probe
1137 415 1255 455 scias.
1315 417 1500 470 ΣΙγυνον,

146 469 262 523 quod
287 480 330 510 et
349 479 481 510 metro
500 480 542 510 et
556 471 791 510 sententiae
815 481 971 524 aptum,
990 472 1158 510 hastam
1168 470 1383 523 ferream;
1402 471 1502 511 inde

143 525 339 594 sequitur
359 525 470 580 quod
494 539 738 577 στρατιωτην
758 540 844 566 esse
862 527 1098 594 suspicetur
1110 527 1222 579 quis.
1270 524 1411 570 “ovam
1422 540 1500 580 pro

145 581 242 624 ὅσον
260 598 310 624 συ
333 585 443 620 clara
463 583 668 623 correctio
687 592 762 625 est.
804 589 849 625 K
848 577 1039 632 υκλοςνεὶ
1051 579 1188 625 ‚cvxl-oo
1209 592 1296 623 erat
1312 585 1432 622 locus
1455 583 1500 621 in

146 638 258 687 foro,
279 637 353 676 ubi
377 635 499 688 σκεύη
520 638 720 678 utensilia
735 638 949 678 venibant.
999 638 1150 676 Credat
1170 641 1313 691 itaque
1330 638 1502 692 aliquis,

146 692 286 746 ipsum
319 689 465 735 κυκλον
499 707 592 732 cum
621 693 816 733 omnibus
837 694 925 732 suis
947 693 1056 732 vasis
1078 707 1131 732 ex
1149 693 1246 733 foro
1267 693 1502 745 ambulare3

147 748 254 788 adeo
288 759 467 788 onustus
498 763 541 788 es
563 749 678 788 omni
695 764 845 803 genere
866 764 1072 791 vasorum.
1131 748 1269 804 Atque
1287 748 1503 797 hactenus,

146 813 197 843 ut
217 804 430 858 expedite,
462 805 538 853 ita,
570 806 615 843 ni
635 806 782 851 fallor,
814 805 998 844 feliciter
1017 817 1081 844 res
1101 805 1325 869 processit.
1383 803 1504 859 Quae

146 874 248 900 vero
268 870 413 914 postea
438 861 627 914 quaeris,
658 870 757 899 suut
775 859 998 909 eiusmodi,
1029 869 1078 899 ut
1099 862 1239 899 nunus
1260 860 1317 899 sit
1338 860 1504 901 coniec-

92 925 266 959 87turae
295 919 442 967 loeus;
481 915 586 956 adeo
618 925 760 965 curta,
793 916 939 955 mutila
965 925 1007 956 et
1025 915 1224 956 mendosa
1243 925 1343 955 sunt
1361 916 1416 965 X,
1435 914 1502 967 76.

145 971 362 1023 scapham,
393 972 549 1027 inquit,
579 971 878 1023 Aristophanes
896 982 1034 1021 vocat,
1059 973 1102 1010 in
1126 985 1249 1026 quam
1266 971 1505 1022 inv-emunt,

146 1030 272 1069 utnon
284 1027 519 1082 ημισκαφῆς
534 1026 595 1069 δ”
573 1047 617 1070 ,εν
631 1042 691 1069 στι
703 1030 746 1069 ἐν
757 1029 1028 1070 nodozom'mu'
1007 1028 1194 1093 εμοῦμεν.
1215 1027 1327 1082 quod
1339 1026 1402 1066 sie
1399 1027 1506 1094 ...ipse

145 1091 298 1132 tentas,
328 1083 522 1149 Καὶῆμῖιι
542 1079 682 1148 ρκαφῆ
697 1080 776 1126 ’σθ
785 1101 838 1131 ως
857 1083 905 1124 οἷν
925 1085 968 1125 ἐν
986 1085 1035 1139 τῆ
1053 1081 1175 1125 ποτόν
1191 1084 1302 1126 οἶνον
1322 1083 1506 1138 ἕμουμεὺ.

145 1138 274 1179 Nihil
295 1140 435 1191 video,
467 1140 553 1178 nisi
574 1139 824 1180 Tetrametri
846 1153 992 1180 versus
1013 1139 1234 1194 verstigia.

258 1198 338 1238 Καὶ
354 1213 437 1250 μην
454 1210 586 1249 σκαφη
608 1191 680 1239 ''oz-
697 1212 719 1237 υ
747 1218 803 1226 -
832 1212 857 1238 υ
886 1217 940 1226 -
968 1218 1024 1226 -
1050 1218 1107 1226 -
1133 1212 1160 1238 v
1188 1218 1244 1227 -—
1275 1192 1466 1250 ἒμοῦμεν,

148 1254 272 1304 quale
293 1252 414 1299 illud,

253 1305 429 1360 '‘Audpec
448 1308 574 1360 φίλοι,
606 1324 671 1348 και
662 1304 872 1358 ’ὃημόται,
902 1307 970 1347 και
991 1307 1062 1348 τοῦ
1079 1307 1213 1348 πονεῖν
1232 1309 1412 1360 ἐρασταί.

146 1361 294 1401 Nolim
317 1374 470 1413 autem,
501 1371 549 1400 ut
567 1362 835 1401 coniecturae
857 1371 952 1401 tuae
979 1361 1107 1408 fidas,
1098 1379 1107 1387 ·
1139 1375 1275 1415 neque
1295 1363 1405 1402 enim
1423 1377 1507 1403 me-

148 1427 255 1456 trum
277 1421 423 1466 ullum,
447 1433 523 1458 nec
537 1418 736 1457 Graecam
758 1417 991 1455 orationem
1014 1427 1165 1455 servat.
1227 1418 1373 1457 Cetera
1390 1418 1508 1472 piget

148 1472 403 1522 describene;
434 1488 569 1528 neque
588 1473 699 1512 enim
722 1486 835 1510 nuuc
859 1472 993 1510 otium
1016 1483 1099 1519 est,
1128 1473 1163 1510 si
1185 1476 1334 1512 vellem
1352 1488 1504 1513 nervos

148 1529 394 1579 intendere,
425 1539 468 1569 et
486 1528 717 1568 extundere
735 1527 910 1580 aliquid
970 1528 1333 1581 Tuigiturhaec7·
1346 1529 1506 1582 qualia

148 1598 314 1641 cunque
333 1594 446 1636 sunt,
481 1584 607 1639 aequi
626 1582 813 1637 bonique
831 1586 1017 1634 consule,
1043 1592 1085 1623 et
1105 1583 1257 1637 raptim
1277 1583 1383 1625 bene
1401 1588 1505 1627 vale.
