1690 2996
698 94 752 135 X.
813 97 905 139 110.
1398 94 1507 139 1645

85 207 240 264 apuriia
258 205 444 262 ἐκλυμᾶσι
461 204 683 262 ἐκκαύματα
701 204 822 246 nobis
843 203 1082 257 reddebant,
1109 218 1214 259 quos
1234 217 1307 243 eur
1324 215 1410 243 non
1426 215 1502 256 po·

86 267 173 304 tiua
203 277 324 318 quam
356 263 565 304 editorum
585 271 818 316 corruptam
844 262 1064 301 lectionem
1083 259 1338 313 sequamur?
1364 260 1503 298 analo·

87 320 198 376 giam
214 320 339 360 etiam
357 319 403 358 in
419 318 640 372 ἐκκαύματα
655 318 834 370 reperio,
860 315 1267 370 significationisque
1283 314 1503 362 rationem,

89 388 196 430 quae
215 388 383 428 proraua
403 377 534 427 nulla,
553 374 636 413 niai
658 387 722 413 me
731 371 846 423 fallo,
877 381 1049 425 apparet
1067 372 1112 410 in
1133 370 1364 423 ἐκλυμάδες·
1389 368 1504 423 quod

89 430 200 470 enim
221 429 272 470 de
293 430 503 485 lignorum
524 428 779 470 retrimentia
801 428 1014 466 Kuehnius
1041 427 1087 465 in
1117 425 1299 466 medium
1325 425 1503 479 profert,

87 498 232 540 parum
259 484 343 524 hue
371 484 559 539 quadrat.
598 493 742 524 contra
768 496 814 523 ea
840 482 932 537 quis
955 485 1021 522 vel
1043 481 1244 522 mediocri
1261 482 1306 520 in
1330 479 1504 520 Graeci·

89 540 242 596 peritia
271 555 357 580 non
385 541 512 581 facile
532 539 673 581 videet
693 541 844 577 cremia
861 540 929 577 vel
948 536 1042 588 ξύλα
1066 535 1236 590 καύσιμα
1255 535 1398 577 vocari
1422 549 1507 590 ap-

88 595 346 650 positi-sime
374 594 595 648 ἐκκαύματα
602 629 617 648 ,
647 592 724 638 ἆπό
747 598 820 637 τοῦ
837 594 1085 643 ἔκκαίεσθαι,
1113 591 1226 648 quod
1250 592 1359 632 focia
1382 591 1507 646 inge-

89 659 152 691 sta
175 650 503 691 comburantur?
541 665 666 706 porro
688 664 832 691 vocem
855 648 1236 702 probetisaimorum
1266 655 1307 688 et
1327 646 1510 702 κεκριμέ-

88 722 172 749 νων
189 716 403 746 auctorum
434 721 532 746 nana
554 715 717 754 tuetur,
748 704 860 759 quod
882 704 916 743 ai
937 704 1031 758 quia
1050 703 1101 744 de
1120 701 1305 757 ἕκλυμᾶσι
1322 702 1510 756 potuerit

89 761 309 812 adnotare,
341 776 425 802 rem
451 777 614 802 omnem
638 760 928 801 lubentissime
947 758 1113 802 dedero.
1148 773 1198 798 eu
1225 772 1324 799 vero
1342 758 1508 797 Diodo-

90 831 180 856 rum
199 817 397 867 Siculum,
427 817 501 870 qui
518 831 686 871 prorsus
707 826 944 870 opportune
960 815 1209 855 vocabulum
1230 813 1312 853 hoo
1336 821 1511 866 usurpat

91 871 296 912 Biblioth.
315 871 387 911 lib.
410 872 468 911 11.
489 886 529 926 p.
551 871 618 928 95.
649 871 722 910 ubi
745 870 1015 910 laetissimum
1043 871 1089 909 in
1110 870 1264 909 Arabia
1280 869 1396 910 felici
1417 869 1510 908 fru-

93 936 237 966 ctuum
263 927 398 967 omnia
425 930 586 982 generi·
606 927 859 980 optimorum
885 935 1135 978 proventum
1167 923 1398 965 collaudat:
1438 928 1512 966 τοῦ

94 983 137 1025 δὲ
156 982 300 1031 κόστου
318 983 385 1024 καὶ
404 986 554 1032 κασίας,
578 984 630 1025 ἔτι
655 983 696 1024 δὲ
711 979 941 1035 κιναμώμου
961 982 1028 1023 καὶ
1042 985 1120 1023 τῶν
1135 980 1262 1022 ἄλλων
1281 984 1363 1022 τοῖν
1380 978 1513 1022 τοιού-

92 1054 172 1080 των
189 1032 320 1091 χόρτοι
337 1039 403 1080 nal
427 1037 578 1091 θάμνοι
594 1041 756 1093 βαθεῖαι
774 1041 959 1079 τοσαῦται
974 1036 1209 1090 πεφύκασιν,
1237 1033 1332 1078 ὥστε
1345 1034 1392 1077 τὰ
1402 1032 1511 1088 παρὰ

93 1100 177 1142 τοῖς
192 1091 321 1142 ἄλλοις
344 1096 517 1143 σπανίως
539 1095 601 1136 ἐπὶ
615 1091 774 1148 βωμούς
792 1097 900 1134 θεῶν
915 1093 1120 1142 τιθέμενα,
1148 1088 1250 1147 παρ’
1268 1091 1431 1141 ἐκείνοις
1445 1092 1511 1134 nal

92 1147 294 1203 κριβάνων
309 1146 497 1205 ὖπάρχειν
512 1148 748 1203 ἐκκαύματα,
767 1149 833 1190 καὶ
850 1146 898 1189 τὰ
908 1146 1014 1202 παρὰ
1029 1154 1111 1197 τοῖς
1128 1147 1261 1197 ἄλλοις
1280 1152 1407 1203 μικρῷ
1413 1149 1512 1202 dely·

92 1221 184 1259 pun
197 1201 444 1259 ὖπᾶρχοντα,
475 1203 576 1259 παρ’
597 1205 765 1253 ἐκείνοις
791 1202 972 1258 στιβάδας
991 1202 1185 1252 οἰκετικὰς
1205 1204 1359 1246 ἐπὶτῶν
1376 1205 1514 1245 οἰκιῶν

93 1260 329 1314 παρέχεσθαι
342 1272 352 1281 ·
381 1270 515 1300 totum
533 1261 715 1299 Diodori
731 1263 869 1298 locum
893 1259 1092 1313 apposui,
1120 1268 1166 1298 ut
1186 1259 1276 1313 ipaa
1298 1257 1350 1298 de
1369 1273 1412 1298 re
1429 1272 1513 1298 vo-

93 1316 237 1368 cisque
257 1315 433 1355 notione
458 1315 610 1354 clarius
631 1324 851 1354 constaret.
884 1315 927 1353 iu
952 1315 1027 1354 illo
1047 1328 1146 1355 sane
1161 1311 1361 1369 κριβάνων
1375 1311 1512 1356 ennad-

91 1387 192 1426 ματα
211 1380 334 1419 aunt‚
367 1385 473 1424 quae
491 1371 535 1409 iu
565 1372 705 1411 focum
725 1370 775 1409 ad
795 1371 932 1424 ignem
952 1369 1191 1410 faciendum
1211 1369 1512 1420 coniiciuntur,

96 1440 179 1481 qua
201 1425 509 1482 significatione
525 1425 633 1466 hanc
649 1440 791 1465 vocem
816 1424 1014 1464 adnotare
1038 1426 1175 1465 voluit
1196 1426 1345 1467 Pollux
1372 1434 1415 1464 et
1441 1425 1511 1463 So·

91 1482 254 1535 phot-lia
280 1481 528 1521 auctoritate
558 1481 734 1520 munire.
774 1482 980 1520 facessant
1009 1481 1142 1536 igitur
1164 1496 1187 1522 e
1209 1483 1381 1520 Polluce
1408 1480 1513 1519 istae

94 1534 319 1590 ἐκλυμᾶδες.
346 1545 387 1576 et
406 1545 601 1590 tanquam
625 1545 896 1591 purgamenta
915 1537 1028 1575 forat
1048 1537 1284 1576 eiiciantur.
1330 1535 1414 1577 Sed
1433 1549 1511 1590 ego

95 1601 232 1632 tamen
255 1605 308 1631 ne
326 1591 385 1630 sic
405 1591 570 1645 quidem
591 1591 817 1630 vindicatis
833 1590 1044 1643 ἐκκαύμασι
1059 1594 1197 1631 locum
1218 1591 1388 1645 penitus
1407 1605 1513 1630 ema-

98 1649 279 1686 culatum
307 1660 414 1687 reor.
443 1646 543 1701 quid
571 1647 683 1687 enim
710 1644 763 1694 ὦς
788 1647 1067 1700 ἑκκαυμᾶτωνΡ
1095 1647 1199 1685 mihi
1221 1649 1351 1685 multo
1373 1646 1515 1685 sanior

99 1702 171 1742 illa
187 1701 315 1743 lectio
334 1701 420 1740 visa
443 1712 517 1749 eat,
549 1716 670 1754 quam
690 1701 888 1742 exhibuit
907 1703 1230 1755 Falckenburgii
1248 1700 1514 1756 praestantis·

96 1757 226 1797 simus
248 1755 390 1797 Codex
414 1756 490 1796 lib.
513 1758 608 1798 VII.
631 1755 684 1807 ὧς
700 1756 930 1811 ἐκκαύματα,
963 1769 1083 1812 quam
1103 1772 1225 1797 nemo
1248 1770 1332 1796 non
1357 1756 1514 1796 intelli·

65 1855 67 1857 ,
96 1813 182 1865 git.
211 1826 416 1869 quamque
442 1812 545 1853 adeo
573 1813 741 1867 diguam
770 1815 921 1868 putavi
951 1827 1055 1868 quae
1077 1814 1212 1853 textui
1233 1821 1514 1866 reponeretur.

95 1869 309 1908 Praeterea
326 1865 420 1918 ξύλα
441 1867 613 1922 καύσιμα
625 1901 636 1919 ,
666 1883 837 1923 quorum
858 1880 899 1909 et
913 1869 985 1908 hic
1002 1870 1161 1908 Pollux
1180 1871 1433 1908 mentionem
1452 1867 1513 1906 fe-

99 1923 181 1974 eit,
210 1920 308 1962 aunt
336 1923 447 1976 apud
472 1925 690 1963 Philonem
727 1928 862 1966 Βελοπ.
890 1925 939 1965 V.
961 1938 1054 1979 pag.
1085 1936 1151 1980 90.
1181 1935 1222 1964 et
1243 1923 1513 1963 Scholiastem

31 2019 36 2025 ,
97 1979 390 2030 Aristophanis
412 1978 462 2017 ad
487 1981 664 2031 Vespas,
694 1979 765 2018 ubi
790 1980 1098 2034 explicaturus,
1132 1979 1233 2032 quid
1255 1977 1369 2026 ἰπνὸς
1389 1987 1431 2016 et
1450 1979 1513 2019 ἵπ-

96 2051 163 2077 νια
182 2035 291 2083 sint,
326 2033 427 2074 haec
454 2035 562 2074 inter
585 2037 665 2074 alia
686 2035 831 2075 scribit
845 2066 856 2086 ‚
884 2034 912 2088 ἢ
928 2035 975 2077 τὰ
992 2035 1091 2088 πρὸς
1108 2034 1180 2088 τὴν
1195 2034 1363 2086 κάμινον
1383 2031 1513 2085 ἐπιτή-

101 2092 184 2132 δεια
203 2088 395 2142 καύσιμα·
434 2088 572 2130 eadem
599 2101 640 2130 et
669 2088 853 2145 φρύγανα
878 2094 945 2131 vel
972 2089 1156 2144 φρύγανα
1182 2088 1372 2142 καύσιμα·
1410 2087 1512 2127 hinc

100 2143 316 2200 φρυγάνων
334 2150 489 2198 πλῆθος
510 2147 553 2184 in
576 2149 697 2185 Actis,-
718 2149 866 2198 Apost.
887 2161 921 2186 c.
941 2147 1145 2186 XXVIII.
1166 2156 1208 2186 et
1224 2158 1342 2200 quem
1358 2145 1512 2183 Roma-

100 2201 148 2239 ni
165 2201 432 2254 lignationem
443 2232 459 2251 ,
490 2202 635 2240 Graeci
655 2205 792 2242 solent
811 2205 1018 2255 appellare
1038 2198 1329 2256 φρυγανισμόν·
1357 2199 1514 2238 Phere-

101 2256 220 2308 cydu
241 2255 349 2308 apud
369 2258 569 2295 Nostrum
589 2271 714 2310 segm.
732 2257 818 2299 128.
840 2259 902 2300 ἐπὶ
915 2257 1189 2312 φρυγανισμὸν
1202 2259 1384 2306 ἐξελθεῖν.
1411 2256 1512 2294 Ari-

103 2310 159 2348 da
182 2311 299 2363 ligna
324 2311 461 2351 dicere
489 2313 590 2352 licet
615 2327 706 2351 cum
740 2314 919 2352 Horatio
947 2314 1019 2353 lib.
1047 2313 1129 2351 ΙΙΙ.
1151 2311 1232 2353 Od.
1256 2325 1318 2362 1¹7.
1338 2333 1393 2341 —
1413 2310 1511 2349 dum

101 2373 224 2415 potes,
253 2369 417 2405 aridum
438 2381 627 2418 compone
647 2370 805 2419 lignum
824 2392 892 2406 —-.
925 2367 1047 2420 Quod
1076 2369 1119 2405 in
1140 2377 1304 2407 textum
1324 2365 1513 2419 reposui-

105 2433 194 2457 mus
218 2430 313 2472 post
333 2428 471 2475 χρῆσιν
500 2420 778 2474 Sophocleum,
809 2439 831 2463 e
852 2422 1009 2463 Codice
1030 2423 1412 2474 Falckenburgiano
1434 2430 1510 2464 est.

105 2486 182 2525 pro
200 2479 460 2528 προσδείσειεν
479 2477 695 2531 legendum
726 2488 827 2528 puto
847 2476 1120 2530 προσδήσειεν.
1164 2479 1242 2518 iste
1267 2477 1443 2516 forsitan
1464 2476 1510 2515 in

106 2528 250 2568 melius
274 2532 473 2587 refingent
492 2534 565 2587 qui
584 2547 659 2573 nec
677 2534 767 2573 otio
787 2548 862 2574 nec
883 2533 1056 2588 ingenio
1075 2533 1370 2575 destituuntur.

1663 0 1678 194 'tw-&m
