1690 2996
134 62 240 131 1552
747 71 816 129 Χ.
857 77 923 117 84.

129 182 285 227 tabulis
309 181 471 227 scilicet
491 182 701 237 pictorum
724 184 796 223 hic
816 184 937 237 loqui
959 185 1165 226 Pollucem
1188 181 1454 223 manifestum
1477 192 1554 235 est,

134 237 247 292 quod
265 238 388 276 scioli
407 239 576 291 qnidam
602 253 691 278 cum
713 240 757 278 in
779 240 850 278 ina
874 254 967 282 vera
986 241 1105 280 MSS.
1126 241 1306 282 lectione
1326 241 1443 291 πίναξ
1459 256 1555 280 ποι-

133 298 241 341 κίλος
255 289 329 335 ἀπ’
355 290 511 346 ὀροφῆς
531 309 616 333 non
638 295 815 348 reperire
834 306 1016 347 possent,
1046 294 1287 334 mutandum
1310 303 1557 334 ceumerunt

136 350 181 388 in
201 346 277 391 άπὸ
295 354 471 404 γραφῆς·
503 359 564 391 est
584 350 693 390 enim
716 349 921 414 quoddam
942 351 1157 390 hominum
1175 363 1320 403 genus,
1333 350 1420 402 qui,
1435 364 1558 403 quae·

137 416 302 458 cunque
332 419 418 444 non
439 406 644 457 capiunt,
675 419 698 444 e
715 405 905 460 vestigio
929 406 1202 445 audacissime
1227 405 1444 446 immutare
1470 418 1558 445 non

137 470 352 510 verentur,
390 460 539 514 illique
566 474 664 500 sane
686 470 842 501 veteres
870 471 1058 501 auctores
1090 459 1200 505 haud
1218 459 1374 499 leviter
1391 457 1560 499 afflixe-

138 525 237 555 runt
260 524 301 554 et
321 516 545 565 etiamnum
567 513 783 570 affligunt.
822 515 893 556 ced
916 516 1010 555 istis
1033 519 1137 555 male
1159 515 1228 556 ait.
1251 517 1368 564 πίναξ
1386 517 1563 563 ποικίλος
1587 537 1603 553 -τ

141 581 205 611 est
223 571 370 609 tabula
387 574 517 622 picta.
543 585 622 624 qua
645 573 822 612 notione
839 573 1004 623 saepius
1023 571 1219 611 occurrit.
1250 584 1334 608 non
1349 584 1444 610 vero
1457 570 1562 609 mihi

142 626 293 665 morari
309 625 443 678 lubet,
472 625 544 664 ubi
561 641 643 666 rem
661 626 767 667 bene
787 627 1007 666 constituit
1026 626 1375 691 Itcngermannuss
1389 624 1446 668 id
1467 636 1563 665 tan-

142 692 252 732 tum,
281 682 532 734 Hesychium
551 696 763 746 exponere
787 685 1022 736 Μαίανδρον
1039 682 1149 720 inter
1174 681 1279 731 alia,
1307 678 1456 732 κόσμον
1475 697 1563 722 τινα

143 736 364 801 ὄροφικὸν,
396 737 519 792 quod
531 738 702 776 omnino
730 736 781 776 ad
801 737 876 776 hos
894 741 1063 785 πίνακας
1080 729 1296 786 ποικίλους,
1325 735 1475 789 quibus
1497 739 1566 774 la-

143 793 315 834 cunaria
334 794 452 832 erant
477 785 698 843 adornata,
728 793 936 845 pertinere
967 792 1146 831 videtur.
1178 793 1414 830 Horatius.-
1443 807 1567 844 neque

144 862 311 888 aureum
329 850 426 886 Mea
441 848 595 886 renidet
615 851 660 886 in
679 849 795 886 domo
819 849 1014 888 lacunar.-
1040 846 1114 886 ubi
1133 847 1309 886 lacunar
1324 860 1491 894 aureum
1503 857 1566 886 est

146 918 248 942 auro
268 902 566 954 Maeandrique
587 901 748 954 pictura
769 902 1026 943 distinctum.
1086 903 1215 951 Πίναξ
1234 914 1331 940 vero
1354 900 1403 940 de
1424 901 1566 946 tabula

146 959 327 1012 pictoria
352 958 667 997 usitatissimum
688 967 773 999 est.
804 957 915 1007 σκιὰς
934 959 1137 1011 ἔναλεῖψαι
1158 957 1198 998 ἐν
1220 958 1359 998 πίνακι
1374 955 1567 999 mevam-

146 1015 248 1069 μένῳ
271 1012 382 1080 apud
412 1014 682 1053 Athenaeum.
718 1023 760 1054 et
781 1013 1071 1054 Callistratus.-
1100 1014 1263 1061 πίνακες
1277 1017 1354 1053 τῶν
1369 1016 1568 1054 Σικυωνι-

148 1087 230 1111 κων
255 1066 498 1123 ζωγράφων,
527 1069 594 1107 uti
617 1069 837 1122 legendum
859 1084 950 1108 cum
975 1068 1210 1107 casaubono
1222 1081 1384 1107 censeo.
1418 1068 1570 1106 Cebetis

148 1128 293 1174 Πίναξ,
325 1123 440 1187 quod
462 1125 665 1177 picturam
686 1138 839 1177 earum,
871 1139 972 1179 quas
996 1122 1333 1180 ingeniosissime
1356 1121 1568 1174 describit,

149 1195 285 1220 rerum
310 1179 558 1222 contineret.

259 1236 447 1289 μαζηλοὶ]
482 1234 573 1276 MS.
596 1237 772 1288 μαζηροί.
829 1241 910 1275 Seu.

260 1292 444 1344 μαζηλοὶ]
467 1291 611 1330 MSSti
622 1293 809 1345 μαζηροί·
835 1293 964 1330 lanx
948 1306 991 1329 ιη
1004 1306 1086 1344 qua
1100 1289 1406 1342 apponebantur
1416 1301 1570 1339 muzae,

150 1356 199 1386 ut
217 1357 315 1386 ante
333 1349 492 1394 πίνακες
509 1348 705 1400 ι’χθυηροί.
750 1347 809 1385 ita
825 1356 866 1386 et
883 1347 1008 1384 Salm.
1065 1353 1211 1392 szmr.

262 1402 450 1454 μαζηλοι]
490 1402 583 1442 MS.
616 1404 803 1454 μαζηροί’
844 1401 955 1455 quod
983 1412 1024 1440 et
1044 1402 1182 1440 Seben·
1203 1401 1478 1453 Augustanus
1491 1399 1575 1438 hn-

150 1458 260 1498 buit.
318 1459 382 1496 Ita
404 1458 526 1495 etiam
543 1457 779 1497 emendavit
800 1457 1034 1496 Salmasius
1054 1467 1210 1507 noster,
1239 1465 1288 1494 ut
1306 1457 1490 1510 ίχθυηροὶ
1510 1456 1572 1495 πί-

152 1530 267 1562 νακες
284 1523 324 1551 et
342 1514 512 1561 similia,
547 1513 618 1563 ait,
649 1513 730 1551 Ιιαο
744 1527 842 1564 pag.
863 1513 1055 1566 Egregie.
1091 1513 1301 1564 Μαζηροὶ,
1332 1520 1464 1564 pute,
1494 1506 1573 1552 οἷπό

152 1574 222 1622 τῆς
245 1566 386 1622 μάζης,
417 1567 483 1605 cui
509 1568 812 1618 inserviebant,
846 1577 893 1606 ut
915 1568 1017 1606 aliae
1038 1568 1145 1608 aliis.
1202 1573 1310 1607 que.

263 1623 444 1678 μαζηλοὶ]
485 1623 655 1676 Optime
675 1624 794 1662 MSS.
815 1625 998 1676 μαζηροί·
1028 1623 1092 1661 uti
1117 1621 1309 1690 superius
1329 1635 1380 1660 ex
1403 1619 1577 1660 Aristo-

147 1681 302 1731 phanis
346 1680 680 1719 Telmessensibus
709 1682 936 1726 πινακίσκος
963 1675 1165 1734 ἶχθυηρός.
1220 1678 1291 1716 De
1320 1675 1578 1728 Antiphanie

148 1733 382 1806 Ἀφροὸίτης
400 1738 544 1782 Γοναῖς
564 1734 724 1774 dixisse
745 1735 911 1773 memini
931 1748 1069 1786 supra.

257 1789 545 1842 Ἀντιφάνους]
578 1790 705 1829 Abest
723 1786 956 1842 Ἀντιφάνης
975 1803 996 1827 a
1019 1789 1066 1830 C.
1089 1789 1138 1828 A.
1192 1793 1358 1830 Konna.

262 1843 548 1897 Ἀντιφάνους]
574 1843 811 1898 Ἀντιφάνης
835 1858 986 1884 nomen
1007 1844 1202 1883 omissum
1222 1843 1267 1882 in
1289 1823 1387 1883 MS.
1408 1854 1495 1880 non
1516 1854 1577 1880 re·

157 1912 237 1951 cte,
267 1901 348 1939 nisi
373 1901 512 1940 fallor.
569 1906 673 1939 Imm.

265 1956 544 2007 πινακίσκιον]
583 1955 629 1993 C.
655 1954 711 1995 A.
739 1960 877 2008 μοναῖς
902 1957 966 1997 καὶ
991 1971 1033 1997 π.
1061 1964 1138 1994 etc.
1165 1952 1237 1992 sed
1255 1951 1382 1992 lectio
1408 1953 1578 2004 vulgata

156 2013 306 2052 melior
328 2020 401 2050 est.
459 2010 564 2049 Nam
585 2020 626 2048 et
646 2011 884 2049 Athenaeus
912 2025 993 2049 non
1022 2013 1146 2049 semel
1160 2007 1302 2048 laudat
1323 2007 1579 2058 Antiphani:

158 2069 309 2115 drama,
327 2063 562 2119 Ἀφροδίτης
582 2070 618 2105 Γ
615 2083 715 2115 οναι,
740 2067 784 2105 V
778 2081 904 2104 enenc
925 2069 1142 2115 nativitas,
1163 2063 1421 2116 inscriptum.
1449 2061 1579 2102 Salm.

158 2125 224 2166 noti
242 2124 507 2165 πινακίσκιον.
565 2127 707 2159 Kumm.

267 2176 541 2228 πινακίσκιον]
572 2173 789 2228 Μ5.Ἀφρ.
810 2180 854 2216 Γ.
870 2177 936 2218 καὶ
957 2177 1202 2217 πινακίσκιον
1221 2174 1301 2215 ἔστι
1324 2188 1356 2215 ε.
1411 2177 1525 2212 que.

267 2233 439 2284 λεκάναι,
457 2242 537 2276 etc.
548 2232 567 2284 ]
595 2230 685 2272 MS.
703 2229 878 2281 λεκάνας,
906 2229 1077 2277 λεκάνια,
1107 2235 1142 2271 λ.
1197 2234 1276 2268 Sea.

267 2289 438 2337 λεκάναι,
467 2296 546 2327 etc.
554 2287 570 2339 ]
609 2287 656 2326 C.
678 2287 730 2326 A.
754 2295 795 2325 et
819 2287 943 2325 Salm.
962 2283 1142 2337 λεκάνια,
1171 2285 1411 2330 λεκανίσκας.
1459 2281 1518 2320 ita
1539 2289 1582 2321 et

159 2346 540 2399 Ηεε]ο]ι.1(υειητ.

268 2400 529 2448 zendvanetc.
543 2398 558 2450 ]
579 2397 670 2437 MS.
687 2394 866 2445 λεκάνας,
894 2393 1068 2447 λεκάνια,
1101 2395 1310 2442 λεκανίδια,
1341 2393 1581 2439 λεκανίσκαις.

159 2458 219 2496 Ut
236 2467 370 2495 autem
392 2456 593 2500 λεκανίδας
615 2453 683 2490 hic
706 2467 791 2491 non
813 2461 962 2490 temere
981 2465 1180 2498 moveam,
1211 2449 1268 2487 ita
1292 2447 1448 2490 λεκάνια
1468 2456 1509 2484 et
1521 2453 1582 2488 λε-

159 2515 313 2555 κανίὸια
335 2526 387 2551 ex
405 2509 498 2549 MS.
513 2519 628 2547 nostr
611 2522 670 2557 o,
684 2518 730 2546 ut
752 2517 792 2546 et
810 2508 957 2557 Seberi,
976 2519 1146 2560 quoqne
1158 2504 1374 2543 inferenda
1393 2502 1582 2552 arbitror,
