1716 3016
216 102 298 142 910
836 101 913 143 IX.
973 107 1040 146 33.

220 219 262 249 et
278 212 568 265 Etymologus,
597 226 645 252 ac
675 222 838 267 praeter
860 228 954 254 eum
983 215 1234 267 Apollonius
1255 215 1443 256 Rhodius
1472 215 1649 271 eiusque

223 267 485 307 Scholiasta-o,

330 323 530 390 ἐνδότερον
548 324 622 367 τοῦ
614 322 788 390 mutinen]
820 326 907 367 MS.
936 327 1121 382 ἐνδοτέρω
1141 327 1226 371 τοῦ.
1282 327 1380 368 Su.

331 375 538 444 ἐνδότερον
563 381 634 422 τοῦ
654 379 805 447 uo'pwv]
843 382 967 422 MSS.
998 344 1182 436 ἐνδοτέρω
1204 383 1274 425 roi:
1295 379 1416 436 νόμου
1437 384 1511 434 qui
1531 384 1648 423 intra

223 437 351 488 legem
369 436 591 474 constituti
611 450 655 476 se
672 438 876 483 eontinet,
908 451 985 478 nec
1007 439 1171 493 aliquid
1191 438 1365 478 ulterius
1385 438 1531 492 exigit,
1561 438 1646 480 imo

222 491 384 542 minus,
417 504 538 544 quam
554 494 664 547 leges
686 492 899 534 volebant.
953 494 1135 536 Kumm.

332 556 536 612 ἐνδότερον
560 559 631 601 τοῦ
655 557 799 613 νόμου,
820 578 888 616 πρ.
921 578 954 603 τ.
979 565 1014 603 λ.
1045 560 1244 614 οἷκριβῶς]
1290 559 1469 601 Videtur
1499 562 1649 615 legen-

223 613 318 653 dum
339 614 542 669 ᾰκριβοῦς.
600 615 681 655 Sed
699 616 978 656 nihilominus
998 631 1063 657 me
1083 616 1242 666 turbat,
1274 615 1389 670 quod
1415 630 1436 655 a
1459 630 1559 655 casu
1579 630 1649 656 re-

223 681 292 709 cto
327 670 398 710 hic
427 671 471 710 in
499 670 580 710 alia
609 669 797 711 discedat
819 675 1035 728 vulgatus,
1063 686 1183 727 quem
1206 672 1347 727 itaque
1366 685 1453 711 non
1478 686 1647 725 possum

223 739 307 765 non
337 736 575 780 suspectum
613 726 778 769 habere.
808 729 896 769 MS.
929 728 1068 768 seben·
1095 729 1284 780 ἐνδοτέρω
1303 726 1454 778 habet,
1487 737 1535 766 ut
1542 727 1647 794 ipse

222 781 403 833 indicat,
432 781 547 837 quod
574 782 750 836 perinde
770 793 844 824 est.
883 784 1015 824 fuerit
1042 797 1142 823 veto
1162 781 1187 826 ὅ
1205 783 1390 836 ἐνδοτέρω
1418 783 1490 826 τοῦ
1506 778 1647 838 νόμου,

222 837 369 888 credo,
395 841 469 891 qui
486 853 531 876 se
552 840 668 877 intra
688 840 821 891 legum
833 842 1094 892 praescripta
1110 838 1515 880 eontinet.1um;.·

329 900 528 958 ἐνδότερον
545 903 618 947 τοῦ
631 921 668 947 ν.
695 904 916 960 πρᾳότερον
936 923 969 948 τ.
1001 909 1035 947 λ.
1065 903 1103 946 οἱ.
1112 906 1132 957 ]
1181 905 1369 944 Restitui
1388 919 1483 944 cum
1504 906 1649 946 ΚιιεΙι-

220 961 288 997 nio
322 960 564 999 auctoribus
584 961 707 1001 MSS.
734 963 924 1015 ἐνδοτέρω
956 961 1026 1003 τοῦ
1050 958 1196 1014 νόμου,
1231 957 1451 1027 πρᾳότερος
1466 961 1538 1004 τοῦ
1557 964 1648 1004 λίαν

216 1012 404 1069 οἷκριβως,
427 1029 561 1084 neque
580 1030 685 1069 opus
703 1017 834 1056 fuerit
851 1031 945 1055 cum
947 1017 1256 1082 lunga-manno
1275 1015 1464 1083 ἀκριβοῦς
1478 1017 1645 1070 legisse.

328 1069 550 1125 πρᾳότερον
567 1081 646 1111 ete.
657 1072 671 1123 ]
703 1071 750 1113 C.
772 1072 822 1112 A.
851 1069 1072 1137 πρᾳότερος.
1086 1071 1156 1115 τοῦ
1172 1074 1262 1114 λίαν
1277 1069 1485 1126 ἀκριβοῦς.
1516 1073 1563 1114 C.
1593 1073 1645 1114 V.

217 1125 411 1165 ultimum
433 1126 599 1182 quidem
619 1126 759 1178 affert,
791 1126 864 1168 sed
887 1128 1096 1168 construit
1122 1142 1214 1168 eum
1234 1127 1430 1182 proximo
1444 1130 1646 1184 κρείττων,

218 1191 262 1221 et
279 1181 394 1232 ειδοῗς
415 1197 509 1222 cum
529 1183 600 1226 τοῦ
591 1185 720 1249 msslov-
766 1184 948 1225 ΚσΕΗΝ.

329 1240 519 1292 κρείττων
536 1237 611 1281 τοῦ
627 1240 742 1292 βίου]
770 1241 958 1293 κρείττων
977 1239 1049 1280 τοῦ
1067 1240 1158 1292 βίου
1175 1247 1251 1288 est,
1285 1239 1360 1292 qui
1382 1239 1545 1278 lucrum
1565 1253 1648 1279 non

219 1304 360 1342 amat,
390 1294 475 1333 nisi
503 1295 597 1349 quis
626 1295 756 1344 malit,
786 1296 859 1338 τοῦ
891 1297 1027 1347 βιαίου
1057 1297 1268 1347 κρείττων,
1305 1296 1379 1347 qui
1408 1292 1649 1336 violentiam

220 1363 376 1388 omnem
398 1358 658 1402 aspernatur,
686 1359 725 1389 et
741 1351 893 1402 procul
907 1351 1279 1393 hahet.1{un1m.

326 1418 515 1471 κρείττων
540 1417 610 1459 τοῦ
635 1417 767 1470 βίου.]
796 1417 854 1456 Et
874 1416 970 1482 quis
995 1431 1095 1457 vero
1126 1416 1199 1456 hic
1214 1418 1406 1470 κρείττων
1421 1421 1496 1461 τοῦ
1518 1418 1648 1470 βίου)

217 1487 294 1527 ego
324 1473 507 1527 ingenue
533 1473 670 1512 fateor
694 1484 758 1512 me
780 1473 955 1513 nescire.
1015 1474 1074 1512 Et
1093 1472 1323 1512 coniectari
1343 1472 1486 1526 itaque
1513 1473 1646 1526 lubet,

215 1529 249 1566 si
273 1529 383 1568 forte
401 1527 621 1583 legendum
648 1529 720 1577 sit,
752 1539 794 1568 et
821 1530 974 1568 Pollux
1003 1528 1240 1581 scripserit,
1271 1531 1460 1597 κρείττων
1489 1530 1560 1572 τοῦ
1583 1535 1647 1582 βι·

215 1586 329 1628 alav-
370 1585 444 1637 qui
476 1593 716 1637 opponatur
749 1586 869 1653 βιαίῳ
885 1594 1006 1631 ante,
1042 1593 1090 1623 ut
1121 1584 1261 1623 statim
1292 1581 1406 1633 εἰδως
1438 1587 1647 1628 αἰδεῖσθαι

215 1641 447 1694 opponitur
466 1657 519 1694 τῳ
548 1637 884 1694 οἱπηρυθριακότι.
917 1639 1138 1680 dicendum
1159 1639 1332 1694 aliquid,
1361 1655 1412 1680 ne
1433 1640 1544 1680 nihil
1571 1640 1646 1680 di—

215 1710 330 1736 cam:
370 1695 560 1749 quamvis
596 1696 796 1735 libentius
837 1695 989 1734 tacitus
1037 1694 1237 1744 audir‚em
1285 1695 1411 1735 immo
1441 1711 1534 1736 cum
1565 1710 1646 1750 ap-

214 1755 365 1805 plausu
394 1750 625 1803 excipetem
667 1751 1006 1791 doctissimorum
1034 1760 1076 1791 et
1104 1749 1482 1792 eruditissimorum
1519 1751 1646 1794 viro-

214 1822 305 1846 rum
329 1806 757 1849 sententias.1mw.

303 1869 512 1926 κρείττων
537 1874 610 1916 τοῦ
635 1874 751 1927 βίου]
792 1875 851 1913 Et
880 1887 980 1913 vero
1011 1872 1054 1911 in
1076 1873 1155 1913 hae
1175 1873 1316 1928 phrasi
1335 1871 1520 1914 haesisse
1537 1874 1645 1913 Iun-

211 1944 481 1983 germannum
509 1938 696 1968 nostrum
729 1944 814 1969 non
850 1938 912 1968 est
943 1927 1056 1982 quod
1079 1930 1299 1979 miremur,
1332 1929 1405 1988 qni
1434 1939 1557 1969 acute
1573 1943 1644 1969 re-

213 1986 337 2039 ponit
355 1988 508 2039 βιαίου,
540 1985 763 2038 facilisque
781 1985 866 2023 fuit
884 1984 962 2024 ista
983 1989 1230 2038 corruptela.
1271 1995 1453 2024 attamen
1484 1983 1586 2039 quid
1605 1985 1643 2024 si

215 2045 423 2096 vulgatam
451 2042 675 2080 lectionem
702 2041 761 2079 ita
789 2053 1070 2093 exponamus.
1100 2044 1212 2079 vitae
1245 2054 1343 2080 suae
1375 2042 1532 2080 ratione
1558 2054 1645 2080 me-

213 2100 315 2137 lior:
345 2098 530 2151 κρείττων
549 2097 620 2138 τοῦ
647 2097 725 2138 τῶν
753 2097 933 2138 τελωνῶν
961 2099 1074 2149 βίου,
1107 2096 1218 2149 quod
1240 2107 1312 2136 aut
1331 2096 1564 2150 intelligere
1584 2096 1645 2134 li·-

213 2163 279 2192 cet
312 2151 363 2192 de
395 2152 507 2191 vitae
538 2152 726 2203 ratione,
757 2165 881 2216 quam
914 2151 1132 2204 publicani
1163 2150 1429 2191 inhonestam
1451 2154 1643 2215 plerum·

213 2222 296 2261 que
321 2221 370 2247 ac
398 2206 677 2247 hominibus
665 2207 843 2245 mvisam
865 2206 1111 2258 instituunt,
1141 2215 1212 2246 aut
1231 2207 1355 2246 etiam
1378 2205 1462 2246 de
1448 2221 1538 2259 xpsa
1557 2221 1643 2260 pu-

211 2263 474 2303 blicanorum
493 2263 689 2310 natione5
721 2263 780 2302 ita
801 2261 910 2301 enim
933 2265 1144 2326 eleganter
1161 2264 1248 2315 βίος
1269 2261 1319 2301 de
1334 2261 1550 2301 hominum
1573 2275 1643 2316 ge-

212 2333 310 2359 nere
333 2319 383 2358 ab
404 2318 503 2358 aliis
524 2317 689 2358 diverso
715 2317 909 2371 usurpari
929 2319 1057 2368 solet,
1088 2315 1216 2356 sicuti
1241 2316 1351 2371 apud
1372 2315 1643 2356 Heliodorum

210 2374 285 2413 lib.
317 2375 353 2415 Ι.
382 2376 474 2442 βίος
493 2370 659 2430 ληστῶν.
689 2374 897 2412 latronum
917 2376 1061 2411 natio:
1089 2370 1153 2414 διο
1180 2375 1248 2416 καί
1273 2374 1412 2427 συρρεῖ
1429 2370 1500 2414 εἰτ
1515 2370 1642 2423 αιῖτην

210 2433 391 2482 (λίμνην)
413 2427 438 2472 ο”
456 2431 634 2479 τοιοῦτος
652 2432 759 2482 βίος·
791 2427 866 2468 sed
892 2427 966 2467 alii
986 2427 1163 2467 forsitan
1183 2429 1371 2468 meliors.

319 2498 648 2551 προσορμίσαιτο.
658 2497 676 2548 ]
715 2495 762 2535 C.
792 2495 843 2536 A.
871 2496 1196 2551 προσκομιόαιιο,
1226 2492 1342 2549 quod
1362 2507 1448 2534 non
1467 2503 1644 2547 praetu-

211 2551 329 2592 lerim
351 2555 537 2606 vulgato.
595 2553 767 2593 Ruunt.
1256 2582 1260 2584 -
