1690 2996
157 99 266 140 1072
773 100 852 142 lx.
898 105 976 147 830

159 211 255 262 ἆρον
272 211 306 251 δ.
336 209 453 263 legit.
475 210 655 254 Salmas.
683 210 754 259 an,
781 211 884 255 εἶναι
909 215 952 255 ’ἓν
982 211 1080 268 ᾅδου
1104 215 1175 256 δ.)
1204 229 1284 265 an,
1311 214 1591 269 εἷύαιπὲτρά*

159 267 337 319 ὃραχμον
349 264 380 307 2².
402 280 500 304 nam
519 270 780 319 crapatallus
797 277 975 322 quatuor·
994 270 1217 310 drachmas
1236 272 1411 322 valebat,
1439 288 1488 312 ex
1508 275 1591 313 hac

161 322 500 360 denumeratione.
533 336 591 360 an
613 323 715 367 εἶναι
732 325 981 380 τέτραχμονῗ
1011 325 1114 366 haec
1139 326 1226 367 ille.
1284 327 1469 369 Kunmt.

271 389 341 430 καῖ
363 387 708 441 κραπαττάλλους]
763 392 854 432 MS.
893 390 1184 446 κραπατάλλοι,
1224 395 1306 437 εἴτε
1334 403 1416 436 ete.
1463 403 1505 434 et
1530 394 1590 434 sic

162 443 404 483 scribamus.
463 445 533 485 Sic
569 446 670 485 alias
706 456 747 486 et
777 450 1031 501 Hesychius,
1071 448 1370 503 κραπάταλλος,
1408 459 1452 490 et
1479 461 1592 492 recte

160 498 321 538 Hostus
339 499 414 539 lib.
447 500 531 541 III.
563 515 599 540 c-
628 500 669 543 8.
698 517 739 544 n.
771 516 810 558 9.
867 504 994 547 IUNG.

271 562 597 620 κραπαττοῖλλους
627 570 739 622 δῖα]
779 569 1049 624 κραπάταλλοι
1072 572 1299 612 Καεῆηἰιιει
1337 584 1415 612 nos
1446 572 1592 626 potius

161 621 483 676 κραπατάλλους,
513 633 562 663 ut
582 633 624 664 et
649 625 831 665 seberus.
868 627 1036 667 fabulae
1062 628 1232 667 titulum
1260 627 1596 683 superius-quo-

161 692 242 732 que
262 678 499 720 emendasse
516 679 561 718 in
582 681 820 720 memoriam
838 696 1006 723 revoco.
1041 683 1119 722 Sed
1139 698 1235 723 mox
1254 684 1406 723 Pollux
1425 684 1471 728 ἐν
1488 683 1593 737 ὅμω·

159 730 269 787 νόμῳ
287 731 474 789 δράματι,
505 749 611 790 quae
631 736 710 775 tibi
732 736 783 775 ad
803 739 1177 790 Hatpocffiationem
1198 738 1423 778 illustrabit
1445 742 1595 779 Maus.

161 794 287 829 saeue
320 804 417 845 pag.·
445 803 512 847 29.
545 791 622 830 ubi
655 791 750 831 istis
768 792 1119 846 Harpocrationis
1149 793 1330 834 dicentis
1351 795 1396 834 in
1420 791 1593 846 Ἀλόπῃ,

161 847 232 888 καὶ
263 844 490 901 Εὐριπίδης
533 849 577 890 ἐν
611 847 667 901 τῷ
706 843 934 903 ὁμωνύμῳ,
980 849 1145 888 scilicet
1171 847 1345 902 δράματι
1385 842 1592 905 inscripto

159 899 341 996 ’.(Ξιέόπτέῑ
370 916 455 956 quo
485 902 535 942 de
566 903 740 958 agebat,
769 918 823 944 ex
854 904 937 944 hoc
973 905 1322 944 Pollucis-nostri
1342 908 1439 946 loco
1458 902 1593 948 lucem

162 971 185 996 a
240 972 294 996 un
330 967 376 1000 it,

272 1025 378 1077 λέγει
398 1024 439 1066 δὲ
458 1020 506 1065 τᾶ
523 1023 596 1076 μὲν
617 1020 811 1078 κραπᾶττ.
847 1027 957 1079 etc.]
1000 1027 1091 1068 MS.
1122 1025 1319 1067 mendose
1353 1027 1531 1080 paitim,
1560 1033 1594 1073 λ,

161 1082 196 1122 δ.
226 1078 293 1121 τόν
310 1083 384 1132 μὲν
408 1076 639 1132 κράταλλον.
696 1082 907 1122 Emenda:
934 1081 1005 1126 τόν
1033 1083 1104 1135 μὲν
1128 1079 1422 1138 κραπάταλλον,
1455 1093 1502 1122 ut
1525 1093 1597 1122 et·-

162 1137 246 1174 iam
268 1137 532 1175 casaubonus
557 1147 699 1178 noster
716 1137 843 1178 babet
864 1139 947 1178 III.
978 1140 1131 1178 Athen.
1161 1138 1199 1179 3.
1227 1139 1298 1176 ubi
1319 1137 1415 1179 vide
1449 1138 1498 1179 de
1517 1138 1596 1178 hac

161 1191 327 1241 fabula,
362 1191 482 1231 cuius
512 1206 665 1233 nomen
695 1193 939 1249 plerumque
971 1195 1208 1248 corruptius
1241 1194 1396 1236 habent
1417 1193 1596 1236 Codices

160 1249 337 1302 vulgati.
394 1248 525 1288 Imm.

173 1358 179 1362 ,.
271 1312 436 1369 ἐνάδρου
464 1314 552 1369 δρ.]
593 1313 710 1368 Quid
741 1313 909 1370 ἕνοῖδρου
929 1316 1007 1366 sit,
1037 1316 1240 1356 incertum
1272 1324 1356 1357 est:
1386 1315 1470 1355 nisi
1498 1317 1595 1357 for-

162 1370 284 1409 tassis
306 1385 382 1423 pro
401 1369 566 1423 ἔνοῖδρου
582 1369 758 1424 δραχμήν
778 1370 1001 1426 legendum
1021 1371 1330 1427 τετράδραχμον·
1362 1371 1474 1427 quod
1494 1376 1592 1412 octo

160 1427 357 1475 Ezechiae,
403 1436 500 1466 octo
517 1423 737 1481 τριώβολα,
769 1437 811 1466 et
834 1437 932 1468 octo
951 1427 1204 1482 ἠμίδραχμα,
1235 1436 1277 1467 et
1297 1438 1476 1482 quatuor
1495 1427 1594 1467 dra-

163 1481 303 1521 chmas
337 1482 510 1522 faciant.
569 1482 738 1523 valeret
759 1498 858 1538 ergo
886 1482 964 1522 hac
993 1485 1156 1524 ratione
1186 1481 1448 1536 Crapatallus
1475 1498 1595 1538 gros-

161 1551 252 1578 sum
275 1547 515 1592 argenteum
540 1538 881 1587 semiuncialem‚
910 1553 984 1579 seu
1004 1539 1223 1579 duodenos
1243 1552 1410 1592 grossos
1439 1539 1592 1579 misni-

161 1607 247 1633 οοε.
305 1595 372 1632 Ita
396 1593 551 1643 Matth.
582 1598 736 1635 Hostus
763 1609 858 1650 pag.
889 1594 983 1650 490.
1019 1595 1195 1636 casaub.
1225 1597 1331 1649 lege,
1366 1591 1522 1650 inquit,
1551 1596 1594 1638 ἐν

161 1649 285 1704 ᾅδου,
317 1649 362 1687 in
381 1649 535 1690 Athen.
564 1649 641 1690 lib.
672 1649 753 1691 III.
785 1665 876 1704 cap.
910 1652 949 1693 5.
1007 1650 1109 1692 Sim.

273 1714 437 1769 ἑνάδρου
461 1717 556 1769 ‹lp-J
597 1717 649 1756 In
681 1716 747 1755 his
777 1731 875 1758 vero
912 1716 1269 1771 sequentibusque
1292 1718 1409 1757 locos
1438 1720 1594 1758 multos

160 1771 382 1812 mendosos
401 1772 498 1813 MS.
529 1772 740 1819 restituit,
770 1783 812 1813 et
833 1774 1004 1813 mutilos
1022 1773 1147 1812 etiam
1170 1772 1336 1826 aliquot
1351 1787 1438 1812 non
1467 1788 1595 1827 parva

159 1832 310 1867 lacuna
337 1831 526 1880 supplet':
556 1827 662 1868 bene
694 1842 736 1868 se
754 1829 894 1868 statim
923 1828 1078 1868 habent
1105 1827 1327 1881 principia.
1357 1828 1456 1870 MS.
1490 1829 1594 1871 εἶναι

161 1883 206 1925 ἐν
237 1886 353 1926 αἴδου
384 1881 577 1936 δραχμήν.
635 1884 807 1923 Scilicet
837 1884 1059 1938 legendum
1081 1887 1121 1926 ἐν
1145 1882 1259 1925 οἷῖδου
1280 1882 1476 1937 δραχμήν·
1507 1885 1592 1924 imo

158 1940 305 1993 potius
324 1947 371 1977 ut
390 1940 569 1978 eximius
598 1939 863 1978 casaubonus
884 1940 967 1979 III.
987 1941 1136 1980 Athen.
1159 1939 1197 1980 5.
1226 1942 1268 1982 ἐν
1289 1940 1388 1991 ᾅδου
1406 1942 1465 1992 dp.
1496 1941 1594 1980 Ho-

159 2003 248 2034 stus
271 1994 634 2047 computabundus
653 1994 735 2034 Rei
757 1995 925 2035 Numm.
956 2010 992 2036 c.
1014 1995 1053 2036 8.
1085 2005 1157 2035 tm.
1191 2008 1229 2050 9.
1259 2009 1300 2037 n.
1330 2007 1367 2037 2.
1397 1994 1499 2037 haec
1516 1997 1595 2036 mi-

160 2051 272 2090 nime
299 2050 536 2102 exputavit‚
567 2053 673 2090 male
698 2048 992 2107 τετράδραχμον
1017 2050 1309 2106 corrigendum
1345 2051 1593 2106 suspicatus.

159 2107 387 2146 quenum.
1506 2145 1511 2149 ,

270 2159 438 2212 ἑνάδρου
465 2159 672 2215 δραχμήν]
712 2161 939 2203 Verissime
969 2163 1092 2204 MSS.
1119 2165 1162 2205 ἐν
1189 2161 1317 2217 ᾅδου,
1346 2172 1390 2204 et
1419 2165 1480 2203 sie
1499 2178 1593 2203 cum

160 2219 349 2258 Kuehnio
367 2218 412 2255 in
431 2226 592 2256 textum
613 2216 816 2256 dedimus.
860 2219 1080 2271 opinionis
1099 2218 1242 2272 itaque
1260 2228 1360 2258 sunt
1378 2219 1486 2271 falsi,
1518 2220 1592 2272 qui

161 2274 282 2314 aliter
324 2273 626 2322 restituebant,
677 2272 950 2313 eruditissimi
993 2275 1089 2315 viri.
1159 2277 1460 2330 Argumentum
1492 2289 1591 2315 vero

160 2330 447 2369 Pherecrateae
479 2328 645 2368 fabulae
678 2337 874 2381 tanquam
903 2344 976 2382 per
997 2329 1189 2370 nebulam
1212 2329 1377 2382 assequi
1398 2343 1463 2368 me
1485 2344 1592 2369 con-

160 2385 321 2424 iectura
342 2394 459 2437 puto.
497 2384 678 2433 scilicet,
708 2398 800 2422 cum
833 2384 1011 2424 Athenis
1040 2395 1147 2424 esset
1169 2386 1212 2423 in
1233 2384 1368 2437 pretio
1394 2386 1590 2436 pretium,

160 2441 416 2494 maximique
437 2439 688 2479 haberentur
707 2438 896 2486 divitiae,
921 2450 963 2478 et
980 2440 1163 2478 habendi
1185 2439 1277 2478 dira
1298 2439 1457 2489 libido,
1488 2456 1592 2495 quae

162 2496 305 2534 omnia
341 2495 590 2535 iniuriarum
619 2493 824 2541 flammas,
861 2496 958 2535 lites
993 2505 1040 2536 et·
1056 2494 1364 2534 funestissimas
1382 2496 1593 2536 accende-

160 2550 265 2591 bant
297 2560 423 2606 atque
449 2549 720 2592 concitabant
748 2551 888 2591 turbas
902 2583 918 2603 ‚
949 2550 1078 2593 vitam
1101 2549 1179 2590 hac
1201 2550 1342 2593 fabula
1361 2551 1591 2592 inferorum
