1690 2996
681 187 736 227 X·
794 191 862 232 74.
1374 188 1481 230 1513

165 302 208 344 ἓν
225 317 259 343 τ.
280 301 318 342 δ.
338 298 502 347 καλοῦσι
525 298 594 342 καὶ
614 311 662 350 ψ.
684 299 790 351 etc.]
827 297 873 340 C.
906 296 958 338 V.
989 299 1031 339 ἓν
1055 292 1213 344 τούτοις
1232 294 1272 339 δ’
1289 295 1394 338 ἔστιν
1411 298 1481 338 καὶ

55 354 235 411 ψυκτήρ·
264 355 312 398 C.
345 356 392 396 Δ.
429 357 470 397 ἐν
485 370 518 395 τ.
542 356 584 396 δὲ
599 356 667 396 καὶ
682 353 857 409 ψυκτήρ,
887 353 920 409 ᾤ
941 355 1005 396 δεῖ
1026 350 1226 409 ἀρύεσθαι
1254 350 1326 396 τὼ
1347 352 1478 396 οἶνον·

54 414 114 453 ita
143 421 187 453 et
199 412 251 453 C.
269 411 322 451 V.
349 420 391 450 et
411 411 590 449 Salmas.
646 409 826 448 Kuznn.
1320 423 1341 446 ¹,
1421 437 1427 442 .

165 469 208 510 ἐν
233 483 268 507 τ.
296 469 334 508 δ.
366 467 531 508 aaronica
560 465 627 507 stoi
650 479 698 518 ψ.
724 464 832 519 eto.]
870 463 960 507 MS.
989 473 1151 505 noster:
1190 464 1235 508 ἐν
1262 459 1413 512 τούτοις
1436 458 1481 506 δ’

56 523 160 566 ἔστιν
176 523 246 564 καὶ
263 519 421 575 «puertia
432 553 445 572 ,
475 519 508 574 ᾧ
523 523 586 562 δεῖ
602 518 800 574 ἐρύεσθαι
817 518 884 563 τᾶν
900 522 1011 564 οἶνον
1022 549 1034 568 ,
1063 519 1174 562 ἔστιν
1202 519 1263 572 (et
1289 519 1339 558 ad
1367 532 1478 559 oram

57 578 319 619 emendatum
345 575 404 620 ἔτι
425 578 487 627 δὲ)
516 574 719 633 devonia,
748 580 815 618 καὶ
834 574 1070 630 οἷρύστιχος,
1098 579 1165 617 καὶ
1188 574 1354 624 κύαθος.
1413 575 1479 614 lta

57 636 145 675 fere
174 643 215 674 et
237 633 330 674 MS.
359 632 505 671 Seberi.
563 630 646 672 Sed
678 634 846 685 vulgata
869 632 972 671 bene
993 630 1160 681 habent,
1190 630 1272 669 nisi
1295 631 1352 669 ita
1373 630 1498 669 sori-·

55 689 187 743 pserit
203 689 373 727 Pollux:
395 690 436 730 ἔν
452 682 605 736 τούτοις
624 689 647 728 δ
657 685 784 729 ’ἔστιν
800 690 868 729 καὶ
885 684 1043 742 ψυκτήρ
1055 700 1064 711 ·
1090 684 1122 739 ᾦ
1142 689 1183 727 δὲ
1198 688 1263 728 δεῖ
1278 681 1480 739 dedeo-bots

55 743 125 787 τᾶν
137 745 277 795 οἶνον,
303 741 410 785 ἔστιν
430 741 627 798 dononio.
656 746 724 785 καὶ
751 739 891 798 dedat.
921 746 989 786 ταὶ
1018 758 1055 783 ιι.
1083 742 1329 794 particulam
1350 744 1419 783 καὶ
1437 750 1481 780 et

58 800 119 839 sic
138 797 500 853 interiungendam
521 813 576 837 ex
601 799 695 838 MS.
728 812 891 839 censeo.
947 798 1017 838 sic
1035 810 1131 836 mox
1150 797 1366 849 loquitur,
1394 796 1482 839 ἔστι

57 853 100 897 δ’
119 857 162 897 ἐν
177 850 331 903 τούτοις
350 863 430 895 eto.
489 853 612 894 Certe
631 855 818 907 ψυκτῆρα
840 855 950 893 inter
971 866 1079 903 vasa,
1105 852 1260 907 quibus
1287 848 1478 907 ιῖρῦομεν,

58 919 107 949 ut
127 924 224 962 prae
249 923 292 950 se
312 909 456 949 ferunt
474 909 592 950 MSS.
612 907 1024 949 Pollucem-retulisse
1040 922 1126 948 non
1149 907 1287 957 credo,
1317 922 1394 948 neo
1413 921 1481 946 su-

58 978 131 1019 pra
157 963 297 1005 eadem
321 977 566 1004 enumerans
585 964 644 1004 VI
651 993 666 1012 ,
698 978 758 1019 ¹9·
787 974 869 1005 etc.
897 963 941 1003 id
960 961 1088 1011 fecitg
1118 961 1190 1002 sed
1215 962 1327 1003 inter
1346 961 1482 1006 ἐκπαί-

56 1037 165 1075 ματα
186 1019 271 1069 vl,
303 1032 369 1075 99.
404 1019 455 1058 de
486 1032 570 1073 quo
597 1028 638 1060 et
661 1020 902 1059 Athenaeus
925 1022 1043 1073 plura
1075 1018 1149 1057 lib.
1178 1017 1252 1059 XI.
1293 1019 1481 1072 quamvis

60 1077 162 1115 alias
179 1089 265 1114 non
293 1074 480 1128 ignorem
507 1074 713 1114 eiusmodi
739 1073 936 1130 quaedam
966 1073 1172 1113 interdum
1194 1072 1370 1113 diversis
1390 1074 1485 1112 usi-

58 1131 135 1169 bus
148 1129 367 1179 destinata,
397 1138 444 1169 ut
463 1128 651 1179 λεηάστη,
680 1130 775 1170 alia.
824 1128 1111 1184 Conqueritur
1131 1129 1247 1183 quasi
1265 1127 1317 1167 de
1337 1139 1480 1168 nostro

58 1187 232 1225 Polluce
261 1185 517 1237 Rhodn'ginus
552 1186 651 1225 VII.
694 1185 843 1239 Antiq.
872 1184 910 1226 8.
948 1183 999 1224 de
1031 1184 1113 1223 hoe
1154 1197 1254 1223 vase
1285 1193 1506 1232 tractans,.

62 1240 181 1294 quasi
209 1240 327 1279 cuius
344 1240 579 1280 meminerit
602 1239 672 1280 hic
693 1239 863 1287 Pollux,
894 1241 969 1278 sed
993 1243 1101 1278 citra
1125 1241 1483 1278 nomenclaturam
1504 1260 1506 1266 ·

59 1297 181 1335 nihil.
213 1295 258 1334 in
280 1307 363 1348 quo
394 1295 467 1335 ille
493 1295 726 1335 elaborasse
753 1298 844 1335 vult
862 1294 1007 1335 videri.
1065 1293 1147 1334 Sed
1163 1308 1250 1334 non
1270 1294 1372 1334 bene
1390 1297 1483 1347 ipse

57 1350 313 1399 meminerat,
347 1348 552 1389 Pollucem
570 1349 651 1390 hoo
673 1351 754 1390 iam
776 1351 906 1405 egisse
933 1364 1058 1403 supra
1089 1350 1162 1398 VI,
1199 1363 1260 1404 19.
1297 1363 1376 1388 nec
1403 1364 1483 1389 ne-

60 1419 172 1444 cesse
193 1403 386 1444 habuisse
403 1404 474 1444 hic
492 1415 677 1459 repetere
705 1405 798 1446 ista.
861 1406 952 1445 Nee
982 1406 1054 1444 alii
1079 1405 1123 1444 in
1149 1405 1244 1444 aliis
1271 1405 1485 1444 Pollucem

56 1470 167 1501 recte
194 1459 399 1500 mehercle
429 1460 760 1514 reprehendunt,
790 1460 905 1516 quod
926 1460 1159 1515 quaedam,
1198 1474 1373 1514 quorum
1404 1474 1482 1499 nos

0 1519 3 1522 ’
58 1529 198 1555 sumus
233 1514 514 1569 ignat-issimi,
554 1518 695 1556 saltem
729 1513 1100 1570 dropaortponere
1129 1525 1351 1556 contentus
1382 1516 1484 1566 fuit,

58 1572 153 1619 ἄνευ
186 1569 417 1623 ἐξηγήσεως.
480 1570 609 1610 Aliud
646 1572 842 1611 nimirum
870 1573 1059 1610 Pollucis
1092 1569 1354 1624 propositum
1395 1585 1483 1610 non

59 1627 166 1676 fuit,
196 1639 317 1679 quam
346 1626 697 1667 enumerationem
728 1627 948 1667 instituere
974 1625 1113 1679 potius
1140 1640 1262 1680 quam
1293 1627 1484 1679 expliea-

60 1682 235 1720 tionem.
271 1684 621 1721 nomenclatorem
649 1682 757 1736 agit,
787 1696 864 1722 neo
889 1695 932 1721 se
961 1681 1185 1734 adstringit
1211 1679 1264 1720 ad
1290 1680 1393 1720 haee
1418 1683 1486 1721 vel

61 1737 133 1775 illa
165 1734 438 1789 explicanda,
480 1751 586 1791 quae
621 1737 754 1789 ipsius
780 1746 916 1777 aetate
943 1747 1043 1776 nota
1069 1738 1195 1786 satia,
1232 1749 1317 1775 non
1345 1746 1485 1776 tamen

62 1791 120 1829 ita
139 1794 204 1832 ἐπὶ
234 1789 403 1846 συνόψει
427 1795 622 1837 collecta.
655 1806 760 1845 quae
787 1793 924 1831 minus
948 1792 1067 1838 talia,
1097 1792 1280 1845 explicat
1305 1792 1485 1844 saepius.

58 1845 144 1940 ξοδ
175 1845 225 1886 ad
254 1845 298 1886 id
321 1845 434 1901 qnod
464 1856 507 1888 et
530 1846 652 1888 nobis
679 1848 849 1902 proprie
876 1847 1135 1901 propositum
1165 1856 1252 1894 est,
1288 1856 1485 1887 revertor.

84 1915 283 1941 uuonan.

169 1958 210 2000 ἔν
239 1955 391 2006 τούτοις
419 1958 462 1999 δὲ
491 1958 653 2001 καλοῦσι
687 1959 756 2000 καῖ
781 1954 1014 2013 ‹pum-6901]
1065 1958 1143 1998 Illa
1175 1955 1280 1997 mihi
1316 1956 1486 1997 inficeta

61 2010 260 2052 videntur
280 2021 321 2052 et
342 2013 505 2068 ingrata
523 2027 620 2067 prae
643 2015 827 2068 eleganti
846 2015 1022 2055 MSStae
1039 2014 1237 2053 lectionis
1258 2012 1486 2052 brevitate:

61 2069 104 2110 ἐν
129 2068 281 2116 τούτοις
301 2067 342 2110 δὲ
368 2068 436 2111 καὶ
465 2065 643 2122 ψυκτήρ·
681 2069 724 2108 id
765 2083 842 2124 ego
874 2069 1011 2109 textui
1044 2068 1246 2108 redonare
1274 2081 1360 2107 non
1396 2081 1488 2105 sum

62 2124 242 2174 veritus3
271 2137 406 2178 neque
428 2122 478 2162 de
499 2122 687 2164 bonitate
714 2123 803 2164 eins
827 2123 1038 2163 dubitabit
1069 2124 1143 2178 qui
1172 2124 1290 2162 tritas
1307 2122 1489 2162 Pollucis

61 2178 244 2218 lectione
269 2191 388 2218 aures
416 2178 554 2220 habet.
590 2191 690 2232 post
718 2179 820 2219 haee
839 2179 1089 2233 sequebatur,
1105 2178 1140 2233 q}
1154 2180 1197 2220 δέ
1216 2174 1403 2232 α’ρύονται
1419 2174 1490 2219 τόν

63 2231 188 2275 οἶνον·
218 2247 302 2272 nou
320 2233 508 2286 improbe
525 2233 707 2288 quidem,
729 2234 763 2272 si
782 2244 943 2273 tanturn
965 2235 1231 2285 sententiam,
1252 2246 1338 2271 non
1358 2232 1489 2284 ipsam

67 2286 188 2326 etiam
221 2290 407 2327 Pollucis
438 2289 661 2342 genuinam
696 2290 941 2343 scripturam
975 2302 1160 2341 quaeras.
1198 2286 1363 2326 reddidi
1395 2301 1488 2326 cum

65 2340 191 2384 MSS.
217 2343 248 2396 ᾧ
279 2346 341 2386 δεῖ
362 2343 561 2398 ἀρύεσθαι
589 2344 656 2387 τόν
685 2346 813 2388 οἶνον·
845 2359 952 2397 quae
981 2345 1060 2383 iam
1079 2358 1101 2382 a
1123 2341 1334 2396 prioribus
1352 2355 1489 2382 rerum

68 2393 301 2437 diversitate
330 2409 515 2451 separata
539 2400 600 2439 sio
624 2399 729 2440 bene
748 2400 903 2453 incipit
926 2401 1092 2438 Pollux.
1150 2397 1234 2438 Sed
1253 2396 1315 2435 ini
1335 2395 1487 2445 hercle,
1509 2433 1513 2441 ,

67 2449 140 2503 qui
165 2449 214 2490 de
244 2453 425 2492 Pollucis
463 2465 775 2508 conqueruntur
810 2452 1036 2502 brevitate,
1077 2467 1128 2492 an
1167 2466 1252 2490 non
1283 2465 1388 2505 quae
1418 2451 1513 2492 hie.

74 2503 518 2560 Onomaatieograplzua
542 2509 592 2549 de
615 2510 792 2562 ψυκτῆρι
810 2510 985 2562 aliisque
1009 2522 1094 2547 non
1121 2507 1290 2552 habuit,
1321 2520 1373 2544 ex
1394 2507 1488 2547 aliis
1509 2537 1514 2547 .

66 2557 251 2598 hausisse
272 2571 475 2613 poterant,
505 2565 541 2603 si
563 2565 816 2618 sapuissent,
846 2573 887 2603 et
908 2563 1050 2615 potius
1070 2571 1253 2601 veterum
1272 2571 1489 2602 auctorum

66 2613 218 2665 scripta
241 2617 437 2657 continua
455 2620 635 2660 lectione
651 2629 692 2659 et
713 2619 797 2658 acri
819 2617 1001 2668 iudicio,
1033 2627 1081 2656 ut
1102 2616 1349 2671 debuerant,
1377 2630 1498 2661 serm,

107 2689 232 2724 Pollux
256 2691 335 2726 Vol.
363 2695 407 2728 V.
1030 2685 1071 2723 D
1084 2682 1107 2721 d
1122 2681 1146 2721 d
1157 2681 1182 2721 d
1196 2681 1222 2721 d
