1716 3016
179 91 286 132 1044
801 87 878 131 IX.
936 91 1005 132 76.

283 197 407 251 ὁλκήν
423 217 456 243 τ.
471 201 566 254 etc.]
595 201 664 239 Ex
687 199 848 241 emend.
874 200 1112 241 casauboni
1129 201 1175 241 in
1196 202 1453 244 Athenaeum
1474 201 1598 243 xm.

175 254 215 297 4.
244 257 406 310 priores
425 256 634 297 editiones
650 254 792 309 ο’λβη’ν.
851 255 952 299 San.

267 311 404 363 ὁλκήν
437 330 472 353 τ.
486 313 612 378 ”etc-J
662 311 749 353 MS.
781 311 900 363 όλκην
937 310 1128 357 τάλαντον
1153 315 1317 368 χρυσίου
1349 330 1414 356 σοι
1437 314 1598 356 παιδίον

176 367 272 417 ἔστη
303 369 541 421 κατηγορῶν.
612 367 670 406 Ut
709 367 813 408 editi
840 377 939 407 sunt
966 369 1024 408 ita
1055 383 1107 408 ex
1141 368 1433 409 emendatione
1462 370 1598 409 nostri
1631 400 1635 403 Α

180 424 413 462 casauboni
431 424 552 464 XIII.
571 424 724 464 Athen.
745 424 823 469 IV
852 424 942 478 (ubi
966 434 1007 463 et
1030 423 1082 464 de
1097 422 1448 479 Παρακαταθήκῃ,
1469 438 1593 492 quam

177 489 220 518 et
238 482 475 518 Herennius
493 480 612 519 Philo
638 482 730 532 περι
751 479 816 532 ὄμ.
845 483 914 522 και
937 483 1050 531 διαφ.
1082 481 1156 531 λε’ξ.
1189 479 1262 519 ubi
1291 479 1393 534 quid
1419 479 1529 533 θύρα
1556 491 1597 520 et

177 537 332 587 θυραία
357 533 555 575 differant
583 536 789 588 explicat,
830 535 1026 588 adducit)
1056 535 1220 588 accepit
1248 536 1413 574 Seberus
1439 546 1594 576 noster.

177 590 294 630 vides
313 599 451 630 autem
470 590 552 631 viri
573 591 790 630 clarissimi
812 590 1143 630 emendationem
1161 588 1295 640 danna».
1328 605 1404 644 pro
1422 595 1595 646 vulgato

177 656 300 686 antea
327 644 480 699 ὀὶβην,
522 661 689 699 prorsus
722 646 957 686 confirmari
985 661 1035 686 ex
1063 647 1152 688 MS.
1181 658 1339 686 nostro.
1395 646 1474 686 Sed
1492 649 1596 686 alter

176 715 342 748 versus,
369 702 445 753 qui
467 712 587 742 antea
610 705 736 756 vulgo
763 712 871 750 erat,
901 695 1003 752 ’ἵστη
1027 716 1234 756 κατηρων·
1264 703 1308 740 in
1328 703 1418 743 MS.
1449 711 1595 742 nostro

175 758 297 797 aliter
327 756 474 808 habet,
513 771 661 809 nempe
689 758 782 806 ἔστη
809 755 1061 810 κατηγορῶν
1098 756 1212 812 quod
1239 756 1320 797 viri
1350 757 1466 798 docti
1498 771 1597 797 con·

174 812 434 862 siderabunt,
466 813 503 851 si
523 813 636 852 forte
661 813 812 855 verius
869 814 996 856 Iuno.

284 868 403 917 ὁλκήν
417 874 500 910 tal.
531 869 640 921 etc.]
680 871 823 918 ἕστηκα
851 873 984 919 τηρῶν
1003 869 1049 907 in
1069 868 1354 921 sequentibus,
1382 869 1420 909 si
1437 879 1594 910 rectum

175 924 325 974 fuerit,
366 923 610 963 tantundem
647 924 727 963 erit
762 938 809 962 ac
834 923 1007 978 ἐτήρησα
1033 924 1213 978 eleganti
1245 924 1487 964 Atticismo:
1524 925 1596 964 sed

176 980 297 1018 aliter
317 979 441 1021 MSS.
481 979 525 1017 in
555 979 705 1032 quibus
738 978 832 1030 ἔστη
863 981 1108 1034 κατηγορῶν,
1144 993 1251 1032 quae
1293 993 1454 1019 crucem
1490 979 1623 1019 mihi¹

176 1034 335 1088 figunt,
367 1048 504 1088 neque
534 1035 637 1074 certi
670 1034 772 1087 quid
793 1045 834 1075 et
852 1036 1035 1088 appositi
1062 1037 1279 1074 allaturum
1300 1050 1364 1074 me
1382 1035 1595 1089 spondeo:

175 1090 380 1143 proferam
409 1101 563 1141 tamen,
594 1090 629 1129 si
653 1091 830 1129 forsitan
852 1091 1027 1130 aliorum
1047 1105 1211 1143 operam
1237 1099 1360 1144 atque
1379 1091 1594 1145 ingenium

175 1159 405 1198 provocare
427 1147 503 1184 sim
527 1155 670 1198 aptus:
701 1146 802 1186 baec
821 1146 962 1200 itaque
986 1146 1108 1186 verba
1133 1145 1312 1196 fuerint,
1342 1161 1406 1186 me
1440 1146 1594 1199 iudice,

175 1201 352 1250 tutoris,
378 1202 554 1240 amicive
585 1200 798 1240 cuiusdam
826 1201 947 1254 pueri
978 1201 1222 1246 delicatius,
1253 1215 1375 1253 quam
1397 1216 1472 1263 par
1492 1213 1594 1251 erat,

175 1256 334 1296 habiti.
382 1266 426 1295 et
454 1255 643 1310 quidem,
684 1267 810 1309 puto,
852 1256 925 1294 isti
959 1271 1114 1309 puero,
1166 1255 1270 1309 quid
1310 1266 1595 1312 quantumque

173 1311 379 1364 pecuniae
401 1310 443 1350 in
468 1325 531 1350 res
554 1326 639 1352 non
661 1312 908 1352 necessaxias
931 1311 1200 1365 prodegisset,
1228 1322 1455 1363 enumerat,
1483 1314 1596 1352 inter

175 1382 281 1419 quae
314 1377 355 1406 et
383 1367 488 1406 hoc·
523 1364 671 1417 ‘02va
697 1366 887 1410 ταλάντου
916 1378 995 1411 etc.
1036 1378 1076 1406 et
1109 1369 1252 1420 itaque
1280 1378 1441 1406 servata
1463 1368 1593 1409 MSS.

173 1423 358 1462 lectione
387 1424 447 1461 ita
474 1423 742 1475 interpreter:
789 1425 955 1462 Talenti
975 1423 1140 1474 pondus
1174 1425 1291 1463 aurei
1315 1423 1412 1473 tibi,
1447 1426 1594 1475 puelle,
1627 1431 1633 1436 ‘

175 1479 388 1530 appendit,
420 1479 667 1530 increpando
689 1479 928 1529 admonens,
953 1489 1075 1531 pater
1092 1479 1273 1518 forsitan
1292 1478 1446 1517 nimius
1463 1493 1595 1532 puero

174 1537 438 1586 voluptatum
468 1534 667 1576 indultor.
716 1535 898 1587 reliqua,
935 1548 1042 1587 quae
1071 1548 1157 1574 non
1185 1532 1395 1573 faciebant
1421 1535 1472 1573 ad
1498 1550 1596 1586 rem,

177 1589 319 1627 omisit
339 1591 514 1639 Pollux,
544 1590 645 1629 talia
674 1591 807 1640 forte,
837 1604 1011 1642 puerum
1036 1590 1096 1630 rei
1122 1603 1222 1629 suae
1250 1589 1380 1642 magis
1413 1604 1503 1630 esse
1529 1591 1596 1630 de

175 1644 272 1684 bere
300 1654 523 1696 attentum,
552 1645 926 1698 capessendamque
955 1646 1101 1709 potius
1125 1659 1200 1698 pro
1230 1644 1350 1684 vitiis
1372 1658 1420 1684 ac
1450 1646 1595 1686 inutili

175 1703 439 1753 voluptatum
459 1702 576 1740 fumo
603 1701 824 1751 virtutem,
853 1712 977 1754 atque
996 1701 1125 1753 patris
1146 1700 1234 1750 sui,
1261 1695 1334 1740 teti
1354 1700 1596 1754 quicunque

173 1755 278 1794 haec
306 1756 439 1797 verba
453 1756 583 1795 fuerit
610 1760 910 1810 proloquutus‚
941 1757 1115 1808 prolixa·
1129 1755 1383 1795 liberalitate
1405 1766 1594 1808 permoto

175 1810 431 1850 redeundum
462 1812 547 1864 ipsi
577 1826 667 1851 esse
697 1812 747 1850 ad
779 1812 988 1851 meliorem
1018 1813 1190 1865 frugem.
1235 1811 1426 1850 tumista
1442 1811 1608 1858 Manui--

177 1882 262 1919 ριος
278 1867 423 1915 ἐκεῖνος
444 1877 522 1906 etc.
554 1865 709 1906 servoli
731 1867 1025 1906 subsannantis
1048 1876 1146 1906 sunt
1170 1865 1320 1915 verba,
1355 1867 1428 1919 qui
1450 1869 1595 1920 pueri-

176 1923 228 1960 lis
245 1923 381 1960 fuerat
409 1922 625 1974 nequitiae
650 1922 930 1969 subminister,
960 1925 1102 1974 quales
1121 1921 1165 1960 in
1184 1922 1449 1973 antiquorum
1472 1922 1595 1962 fabu-

178 1978 231 2017 lis
261 1976 474 2015 adhibitos
514 1990 601 2016 esse
642 1978 880 2030 frequentes
915 1979 1092 2020 Terentii
1120 1977 1342 2028 Plautique
1376 1976 1595 2018 docuerint

179 2032 451 2071 comoediae:
479 2035 706 2086 κατηγορεῖν
738 2033 808 2071 hic
836 2043 897 2072 est
915 2032 1117 2085 opinione
1142 2045 1243 2077 mea,
1274 2035 1494 2084 increpare,
1523 2037 1596 2072 in-

179 2089 381 2139 crepando
414 2088 650 2135 admonere,
681 2098 722 2127 et
749 2090 833 2127 alio
865 2102 1033 2140 quoque
1061 2090 1185 2136 loco,
1225 2087 1345 2126 cuius
1377 2088 1457 2126 iam
1483 2103 1595 2128 nunc

178 2159 264 2182 non
286 2143 503 2193 succurrit,
533 2143 570 2181 si
593 2158 676 2182 non
695 2144 888 2192 eandem,
919 2143 1093 2182 similem
1112 2153 1220 2181 certe
1237 2142 1354 2181 verbi
1377 2144 1594 2183 notionem

178 2199 416 2239 observasse
458 2197 638 2242 memini.
695 2201 860 2252 elegans
895 2196 1060 2252 quidem
1106 2197 1177 2236 illa
1214 2207 1337 2251 atque
1374 2199 1594 2246 concinna,

180 2255 330 2309 cuique
382 2254 618 2306 probandae
662 2255 885 2293 conferant
925 2251 1120 2305 quiddam
1164 2254 1400 2304 Etymologi
1447 2253 1592 2294 verba.

177 2312 424 2362 Κατηγορεῖν
459 2311 610 2362 λέγεται
648 2326 786 2358 κοινως
827 2326 872 2351 το
909 2306 1011 2350 κατᾰ
1048 2306 1154 2355 τινός
1180 2306 1403 2361 α’γορεύειν·
1439 2308 1596 2361 illaque

179 2365 436 2418 significatio
481 2381 573 2405 cum
610 2375 715 2405 esset
746 2364 937 2418 propria,
985 2364 1200 2402 transferri
1235 2373 1370 2401 tamen
1404 2363 1447 2403 id
1479 2364 1594 2403 verbi

179 2421 365 2460 obtinuit
385 2422 435 2460 ad
458 2423 618 2472 forum,
648 2421 815 2459 arctatis
841 2423 948 2458 latae
967 2416 1157 2457 notionis
1186 2417 1406 2457 limitibus.
1432 2415 1602 2468 sedan-⁴

179 2491 342 2516 ceamus
376 2477 546 2529 potius,
588 2477 847 2529 aliorumque
876 2474 1106 2513 feliciorem
1139 2483 1262 2540 atque
1297 2474 1593 2526 elegantiorem

178 2541 441 2586 expectemus
469 2548 649 2588 operam.
703 2533 809 2573 Mox
843 2544 955 2572 vero
970 2544 1046 2584 pro
1073 2526 1359 2572 δεκατάλαντον
1381 2529 1595 2570 maluerim
