1656 2976
177 107 283 147 1768
775 104 858 144 IX.
919 105 1011 148 162.

172 219 309 255 locum
325 222 375 252 et
395 213 511 252 mihi
523 222 709 254 notatam
730 214 870 258 hunc·
907 212 929 260 ὅ
947 217 988 259 δὲ
1009 215 1054 260 τό
1070 233 1112 261 τε
1123 212 1338 272 πρόσωπον
1353 219 1594 275 μετέστρεφε,

174 271 242 313 καὶ
265 269 462 311 συνέλκων
477 267 723 340 πανταχόθεν
744 269 788 314 τὸ
817 272 937 339 δέρμα
955 274 1018 316 ἐπὶ
1034 273 1105 342 τήν
1123 274 1289 330 γαστέρα
1305 279 1384 318 νῦν
1402 279 1597 347 καλουμέ-

173 342 263 398 νην.
302 322 430 394 ωσπερ
450 324 497 368 τά
517 325 718 368 σύσπαστα
731 325 943 398 βαλάντια,
966 331 1012 372 ἓν
1032 327 1156 382 στόμα
1173 334 1325 377 ποιῶν,
1352 327 1482 375 ἀπέδει
1497 331 1597 374 κατά

171 383 297 436 μέσην
309 378 380 434 τὴν
399 382 585 436 γαστέρα,
615 400 636 424 ο
657 377 794 448 §rig-621
813 381 994 438 ὄμφαλόν
1016 386 1195 427 καλοῦσι.
1249 382 1390 426 Hebes
1408 395 1452 427 et
1468 401 1594 442 supra

170 439 223 489 V,
244 436 308 479 51.
331 435 441 490 apud
471 438 689 492 Nostrum,
717 449 765 479 ut
780 439 986 480 iudicavit
1004 441 1173 480 seberus
1191 450 1347 483 noster.
1403 441 1462 483 Et
1475 445 1594 482 locus

171 493 315 547 aptiss.
331 502 444 532 extat
467 493 512 531 in
531 494 846 547 fragmentolib.
864 495 942 535 XI.
961 496 1183 544 Athenaei,
1212 496 1594 550 quodinAm‘mad-

170 549 430 589 versionibus
460 550 546 588 suis
570 550 643 588 lib.
669 550 746 591 XI.
775 565 864 604 cap.
891 551 932 596 4.
969 560 1111 592 noster
1139 551 1406 592 casaubonus
1440 552 1591 610 edidit,

168 604 282 644 unde
301 604 452 644 clarius
467 618 717 673 cognoscere
739 606 876 660 possis
889 621 961 646 cur
973 604 1171 649 orianorum
1187 606 1376 662 βαλάντια
1396 608 1591 649 vocarint

166 659 428 728 ἀρυβάλλους·
468 656 711 728 ἀρύβαλλος,
739 662 799 700 ait
794 663 1250 730 Dipnosophietarum
1272 673 1433 730 auctor,
1455 661 1592 718 ποτή-

166 733 279 770 ριον,
309 714 495 758 κάτωθεν
506 714 749 790 εὐρύτερον,
789 735 872 760 ανω
899 719 939 761 δὲ
936 718 1223 788 συνηγμένον,
1255 736 1310 768 ως
1324 737 1373 761 τα
1389 717 1592 763 συσπαστα

165 771 380 828 βαλάντια,
409 790 436 814 α
455 774 521 815 καὶ
536 770 637 816 αὕτα
659 772 724 816 δια
742 770 814 828 τὴν
833 770 1044 829 ὁμοιότητα
1060 772 1306 829 άρυβάλλούς
1320 791 1425 826 τινες
1439 780 1591 819 καλοῦ-

162 843 238 872 σιν.
293 834 397 867 Iunc.

156 880 158 882 ¹
274 881 389 939 άρυβ.
408 883 449 926 δὲ
469 884 531 926 ἐπὶ
549 888 622 927 τοῦ
641 882 666 911 *
684 881 924 928 ἕπισπάστου
942 888 979 940 β.
1000 895 1076 928 etc.
1086 884 1122 939 ]
1138 886 1175 925 Ε
1195 884 1320 929 MSS·
1342 886 1388 926 in
1398 895 1518 927 textu
1529 901 1589 928 re-

162 940 288 996 posui
311 939 537 982 συσπάστου
559 942 795 995 βαλαντίου·
822 940 894 980 sed
912 951 1049 982 tamen
1066 956 1119 982 ne
1137 941 1199 981 sic
1211 941 1376 1011 quidem
1394 942 1538 982 locus'
1525 957 1589 982 ιιι-

162 1007 277 1067 tweger
305 1005 395 1046 est,
424 995 505 1034 nisi
536 995 747 1037 addideris
779 994 909 1064 εὕροις
936 996 1019 1036 hoc
1046 996 1196 1038 modo:
1225 993 1472 1068 ἀρυβάλλους
1500 1001 1586 1050 (vel

151 1050 410 1107 οἷρύβαλλον)
430 1052 471 1094 δὲ
497 1053 560 1094 ἐπὶ
582 1056 653 1095 τοῦ
671 1049 896 1095 συσπάστου
916 1050 1127 1108 βαλαντίον
1150 1069 1285 1107 ευροις
1302 1070 1354 1095 αν
1372 1055 1415 1097 ἐν
1437 1051 1582 1107 Ἀντιφ.

159 1118 238 1149 etc.
295 1109 364 1147 De
385 1105 593 1163 συσπάστω
609 1110 802 1164 βαλαντίῳ
831 1111 1162 1162 [unger-mannus
1186 1107 1363 1149 erudite.
1403 1108 1501 1149 addi
1524 1119 1584 1149 ta·

158 1178 254 1204 men
278 1177 386 1217 quae
405 1149 593 1234 possint,
632 1165 676 1203 in
698 1174 896 1218 promptu
916 1163 1064 1205 habeo.
1101 1164 1262 1205 scilicet
1286 1164 1424 1218 ipsum
1448 1165 1584 1205 Athe-

156 1222 252 1258 naei
273 1222 411 1258 locum
427 1216 518 1259 de’
495 1237 519 1260 α
523 1218 729 1274 ρυβάλλῳ
717 1234 762 1258 in
784 1221 943 1275 insigni
956 1221 1031 1260 illo
1045 1221 1293 1275 fragmento,
1314 1219 1427 1274 quod
1438 1222 1582 1265 Anim.

156 1275 234 1317 XI.
257 1289 292 1313 c.
312 1274 350 1316 4.
370 1274 428 1315 Is.
451 1275 756 1315 Casauhonus
743 1289 787 1314 ln
808 1279 942 1315 lucem
958 1278 1152 1340 protulit,
1171 1289 1269 1329 prae
1288 1275 1421 1315 oculis
1432 1274 1581 1316 habuit

149 1331 405 1370 Eustochiae
433 1329 486 1369 ad
504 1337 552 1373 A,
580 1336 649 1384 τῆς
669 1329 759 1374 Ὀδ.
782 1331 895 1385 quod
912 1329 1173 1399 praeteriisse
1192 1329 1360 1370 videtur
1377 1344 1579 1378 summum

146 1385 554 1427 Animadversorem.
597 1397 645 1426 ut
675 1399 811 1428 autem
845 1385 949 1440 quid
969 1385 1025 1425 sit
1045 1383 1267 1428 σύσπαστον
1286 1382 1506 1439 βαλάντιον
1516 1386 1580 1426 li-

156 1439 327 1494 quidius
348 1441 572 1507 intelligas,
582 1441 786 1495 adponam
799 1442 1060 1482 scholiastae
1073 1441 1234 1480 Comici
1241 1438 1362 1481 verba
1372 1440 1429 1480 ad
1433 1443 1577 1511 Eqm‘t

153 1496 227 1535 ubi
248 1495 308 1535 sic
328 1493 550 1565 α’ρύβαλλον
569 1500 769 1551 exponit:
798 1494 963 1539 πλεκτόν
977 1513 1013 1538 τι
1031 1493 1278 1565 βαλλάντιον,
1307 1513 1402 1553 οπερ
1417 1495 1578 1567 §Ludus-

143 1568 227 1597 ,νον
253 1553 414 1594 κλείεται
437 1554 504 1594 καὶ
525 1550 724 1608 ἀνοίγεται
742 1551 849 1607 παρὰ
869 1552 912 1594 τὸ
933 1549 1069 1606 άρύειν
1087 1554 1154 1594 καὶ
1169 1552 1346 1621 βάλλειν·
1377 1567 1484 1622 quse
1506 1570 1577 1595 αυ-

145 1608 297 1657 τολεξεὶ
327 1606 548 1661 descripsit
577 1609 746 1649 Surdas.
797 1607 906 1662 apud
935 1609 1054 1647 illum
1075 1621 1174 1648 vero
1189 1604 1352 1650 πλεκτὸν
1368 1605 1577 1662 βαλάντιον

149 1663 300 1703 Portus
323 1664 523 1717 exposuit
537 1666 726 1716 plicatile
746 1667 1020 1729 marsupium,
1050 1662 1096 1703 id
1116 1677 1214 1704 sane
1236 1663 1407 1721 πτυκτόν
1419 1663 1575 1729 βαλάν·

147 1735 235 1761 τιον
256 1719 428 1758 Graecis
449 1718 670 1772 diceretur,
700 1719 844 1776 quod'
832 1733 970 1772 ipsum
981 1734 1034 1759 an
1053 1733 1139 1759 non
1156 1716 1300 1774 potius
1314 1720 1397 1759 tani
1415 1718 1460 1759 iu
1475 1719 1573 1761 Sui-

143 1775 217 1822 da,
247 1788 367 1830 quam
396 1776 441 1813 in
469 1776 700 1817 Scholiasta
724 1776 946 1827 Aris-toph.
978 1773 1128 1843 reponi
1157 1773 1307 1814 debeat
1322 1788 1399 1827 pro
1419 1778 1574 1829 πλεκτῳ

147 1830 292 1871 videre
319 1830 451 1881 velim
477 1830 742 1873 eruditiores.
799 1832 1018 1873 Praeterea
1050 1828 1274 1873 σύσπαστον
1300 1819 1567 1871 librariorurin

140 1885 258 1925 ,vitio
281 1886 422 1926 abesse
445 1886 646 1927 existimo
667 1888 921 1956 Etymologi
933 1889 1055 1926 loco:
1079 1880 1352 1956 Ἀρυβαλλος·
1388 1884 1496 1955 παρὰ
1523 1885 1568 1930 τό

138 1932 280 2010 -ἐρυειν
297 1939 521 2011 ἐρυβοιλλος,
538 1944 605 1986 καὶ
615 1939 851 2013 ἀρύβαλλος·
891 1960 917 1995 η
935 1939 1092 1996 παράτο
1110 1937 1305 1998 άρυεσθαι
1318 1940 1384 1982 καὶ
1399 1940 1568 1996 βάλλειν.

142 1997 222 2039 ἐστὶ
238 1994 282 2038 τό
300 1996 543 2064 καλούμενον
561 1998 770 2052 βαλάντιον
778 1998 844 2041 καὶ
860 2000 1082 2051 μαρσίπιον-
1120 1993 1398 2051 supplendum
1418 1997 1565 2040 credo:

144 2055 225 2096 ἐστι
251 2052 293 2095 δὲ
313 2051 363 2095 vd
380 2050 635 2106 καλούμενον
662 2069 884 2097 συσπαστον
911 2052 1142 2108 βαλάντιον·
1182 2049 1289 2092 illud
1314 2052 1567 2123 καλούμενον

139 2108 250 2159 hanc
269 2107 600 2157 emendationem
620 2110 851 2154 confirmat.
892 2109 989 2148 vide
1012 2111 1114 2148 alias
1133 2121 1238 2176 quae
1257 2109 1378 2160 plura
1399 2107 1492 2149 de’
1465 2127 1563 2164 αρυ-

139 2157 269 2219 βάλλῳ
296 2164 450 2204 notavi
477 2164 528 2203 ad
562 2165 660 2213 VII.
686 2165 774 2208 166.
831 2164 934 2206 Mox
959 2162 1124 2204 restitui
1141 2159 1276 2206 Λῦτοῦ
1291 2163 1451 2216 ἔρωντι,
1482 2165 1561 2205 etsi

138 2220 263 2261 MSS.
292 2220 424 2259 errori
457 2223 634 2275 vulgato
654 2223 836 2262 faveant.
885 2222 1094 2258 Mem-sius
1116 2220 1162 2258 in
1192 2216 1346 2260 Attica
1361 2219 1561 2261 Biblioth.

141 2286 227 2315 tam
247 2284 398 2315 certam
418 2277 583 2316 censuit
598 2277 710 2317 illam
736 2277 986 2327 lectionem,
1016 2284 1064 2314 ut
1092 2288 1147 2314 ne
1170 2273 1336 2342 quidem
1361 2279 1559 2329 maculae,

139 2344 248 2384 quae
264 2329 391 2370 editis
413 2330 603 2371 adhaesit
623 2331 866 2384 Codicibus,
889 2330 1107 2370 mentione
1127 2331 1252 2383 facta,
1259 2325 1431 2372 Ἑαυτοῦ
1438 2331 1561 2386 ἔρων-

137 2403 185 2428 τα
205 2387 439 2438 reposuerit
467 2388 578 2426 inter
609 2388 771 2427 fabulas
801 2387 1110 2440 Antiphonem:
1146 2398 1281 2438 neque
1301 2384 1425 2425 video
1455 2387 1559 2443 quid

135 2441 237 2480 huic
254 2441 432 2481 lectioni
448 2443 584 2495 possit
599 2444 784 2494 obstare,
812 2443 934 2484 MSS.
955 2441 1064 2481 enim
1087 2439 1260 2481 Codices
1279 2443 1461 2494 vulgatis
1485 2457 1559 2484 er-

134 2495 299 2536 roribus
328 2497 555 2551 aliquando
579 2499 869 2549 consentiunt,
900 2496 1088 2551 quamvis
1109 2495 1222 2535 hoc
1210 2510 1253 2534 in
1274 2497 1439 2536 Polluce
1459 2513 1559 2552 per-

135 2565 228 2592 raro
247 2551 304 2590 sit
323 2553 494 2595 factum.
525 2554 561 2593 si
573 2555 668 2611 quis
687 2564 823 2595 tamen
835 2568 878 2594 se
895 2552 1019 2596 MSS.
1036 2560 1289 2609 aggregaret,
1317 2553 1452 2600 Αὑτοῦ
1462 2555 1555 2610 ἔρω-
