1656 2976
752 43 807 82 X.
868 47 960 88 127.
1458 48 1562 90 1691

141 165 183 198 et
204 154 248 196 id
267 153 371 195 mibi
401 168 500 196 sane
523 151 792 195 retinendum
831 153 1008 195 videtur,
1052 169 1074 195 a
1093 168 1176 209 quo
1197 163 1307 196 certe
1325 157 1474 199 θολίαν
1491 169 1568 194 su-

140 225 214 266 pra
242 224 339 251 casu
366 210 540 264 obliquo
568 209 716 260 babes,
756 219 805 249 nt
832 209 937 252 dixi.
993 210 1246 263 Hesychius.-
1276 214 1414 262 Θαλία,
1442 214 1568 254 πέτα-

141 282 214 316 coc
231 269 290 315 εἰς
306 264 375 317 6ξῦ
395 265 656 319 συνηγμένος·
685 263 877 309 σκιάδιον.
934 265 1066 308 Iunc.

248 322 460 374 *eoaeIaJ
505 323 649 364 θολίαν
677 319 783 361 bene
811 331 875 361 est
910 320 1025 375 quod
1061 320 1348 362 emendaverit
1385 322 1565 376 Iunger-

139 392 330 429 mannus,
373 379 499 417 altera
517 377 627 416 enim
649 376 879 429 scripturae
899 377 1007 416 ratio
1030 391 1172 430 parum
1191 387 1253 418 est
1272 377 1317 416 in
1346 392 1450 427 usu,
1488 378 1567 418 etsi

141 451 159 481 ι
174 443 216 473 et
233 449 271 476 ει
286 432 621 486 frequentissime
640 431 884 472 commutari
901 432 1064 484 saepius
1087 431 1464 473 observaverimus.
1495 439 1568 475 θο-

139 491 228 532 um·
247 497 382 528 antem
409 487 591 540 exponit
623 488 769 526 Pollus-
798 489 952 542 πλέγμα
974 490 1195 536 θολοειδὲς,
1225 487 1339 541 quod
1361 487 1480 529 tholo
1504 489 1568 528 si-

140 544 313 585 minima
340 551 474 583 essent
501 542 759 592 umbracula,
787 542 993 595 siquidem
1023 553 1063 583 et
1088 544 1175 597 ipsa
1194 543 1377 583 nominis
1405 544 1513 584 ratio
1543 559 1567 584 a

140 602 300 641 formae
322 596 599 638 similitudine
623 598 770 652 petita.
827 597 1102 638 Rhetoricum
1125 598 1323 638 Lexicon
1343 599 1454 652 apud
1480 601 1569 639 Eu-

141 656 344 696 acathium
365 652 416 692 ad
452 653 530 699 Od.
560 657 609 695 X.
670 651 813 705 Θόλοι,
841 654 1000 707 στέγαι,
1028 651 1233 705 indigere,
1259 655 1455 707 καμάραν
1484 663 1568 700 θο-

142 713 209 754 λία
228 712 270 753 δὲ
287 713 472 760 θηλυκῶς
495 711 609 758 πῖλος
633 712 693 758 εἰς
708 705 778 760 όξύ
795 709 1012 764 ἀπολήγων.
1070 711 1297 764 Eleganter
1322 710 1498 750 Ovidius
1515 710 1567 751 de

141 767 247 806 Arte
266 764 358 805 Am.
381 763 455 804 lib.
485 764 542 804 II.
571 778 611 804 v.
643 763 737 808 208.
795 767 888 817 Ipse
906 775 994 804 tene
1014 765 1192 804 distenta
1211 767 1299 804 suis
1320 767 1568 806 umbracula

142 824 288 873 virgis,
317 828 367 867 nt
393 819 632 860 emendavit
657 820 1037 873 praestantissimus
1065 823 1279 862 Heinsius.
1327 823 1444 874 plura
1474 821 1566 861 dixi

145 875 197 916 de
214 874 465 914 umbraculis
489 873 541 914 ad
560 874 635 914 lib.
666 875 755 918 VII.
786 889 912 930 segm.
946 875 1035 928 174.
1067 890 1172 930 quae
1191 875 1292 916 huic
1313 879 1410 916 loco
1429 880 1565 916 lucem

145 929 382 971 offundunt.
437 928 681 970 Rectissime
706 944 804 971 vero
835 932 1159 986 [unger-mannus
1178 933 1245 974 ἐπὶ
1272 936 1371 986 σκιᾷ
1397 946 1448 972 ex
1467 936 1568 973 vul-

145 996 239 1043 gata
261 985 457 1039 MSSque
471 985 654 1025 lectione
677 986 897 1035 formavit,
927 986 1041 1041 quod
1062 1000 1147 1025 non
1169 986 1359 1025 dubitavi
1377 988 1421 1026 in
1442 997 1567 1027 textu

143 1053 374 1094 reponere:
407 1041 555 1079 Thelia
582 1043 651 1080 vel
669 1041 952 1081 umbraculum
961 1071 975 1089 ,
1002 1044 1167 1094 plexum
1190 1056 1288 1093 opus
1309 1043 1415 1081 tholi
1434 1044 1568 1088 simile

145 1097 208 1136 ad
231 1095 416 1136 umbram
440 1095 699 1147 faciendam.
757 1097 907 1137 Postea
935 1100 1006 1141 καῖ
1034 1107 1130 1136 ante
1167 1098 1276 1150 ῥιπὶς
1304 1097 1349 1136 in
1385 1100 1566 1153 vulgatis

145 1151 298 1192 aberat.
334 1150 403 1191 sed
424 1150 473 1191 de
492 1154 616 1204 ῥιπίδι
635 1150 737 1205 quid
766 1162 850 1203 est,
878 1152 990 1208 qnod
1016 1152 1087 1192 hic
1106 1151 1216 1192 inter
1232 1152 1565 1193 umbraculorum

145 1207 318 1253 nomina
347 1207 641 1247 recenseatur?
678 1206 740 1250 sic
764 1217 874 1247 certe
904 1218 947 1248 et
975 1208 1227 1260 Hesychius:
1256 1207 1407 1261 Ῥιπῖρ,
1438 1211 1565 1262 ῥιπὶς,

144 1261 192 1307 sd
210 1262 386 1317 πλέγμα,
415 1260 443 1311 ἤ
463 1264 507 1304 ἐκ
537 1263 705 1314 σχοίνων
734 1263 914 1312 πέτασος.
955 1262 1156 1317 additque
1182 1271 1268 1302 tum
1296 1263 1462 1304 Atticos
1490 1280 1567 1319 ap-

143 1321 296 1374 pellere
323 1317 486 1370 ῥιπίδα,
514 1315 748 1365 flabellum,
779 1332 863 1372 quo
892 1327 1007 1358 moto
1031 1318 1171 1373 ignem
1193 1317 1464 1372 inflammant,
1493 1335 1567 1361 ea-

143 1377 224 1430 que
255 1371 306 1412 de
329 1372 506 1412 notione
533 1371 731 1413 adnotavi
763 1372 962 1428 quaedam
988 1372 1040 1412 ad
1070 1387 1193 1428 segm.
1223 1372 1289 1429 94.
1321 1383 1368 1413 ut
1388 1373 1438 1414 de
1468 1377 1565 1427 alia,

143 1444 237 1470 cum
255 1430 324 1468 vel
342 1425 572 1480 flabellum,
603 1442 687 1482 quo
715 1443 880 1469 muscae
902 1428 1152 1482 abiguntur,
1183 1431 1250 1470 vel
1266 1443 1349 1484 quo
1368 1434 1564 1471 ventulus

146 1484 193 1524 fit
203 1483 352 1524 aestivi
368 1481 527 1523 ardoris
548 1484 809 1536 temperandi
832 1497 968 1537 causa,
981 1483 1186 1538 designat.
1196 1484 1306 1537 apud
1316 1487 1566 1539 Hesychium

144 1548 254 1579 certe
272 1539 394 1590 6⁸³2&
422 1538 507 1577 nisi
530 1539 625 1592 quis
650 1538 730 1578 hoc
756 1539 1011 1579 eiiciendum
1030 1540 1199 1592 penitus
1225 1540 1453 1589 existimet,
1482 1543 1567 1582 for-

147 1607 252 1634 mam
280 1594 395 1633 vocis
416 1593 673 1632 Laconicam
705 1593 880 1638 indicat.
912 1608 990 1633 nec
1021 1596 1212 1640 Sto-attis,
1243 1608 1295 1633 ex
1313 1609 1396 1649 quo
1426 1600 1566 1647 ῥιπίδα

145 1649 226 1689 hac
252 1647 560 1703 significatione
584 1649 737 1687 Pollux
764 1648 963 1699 adduxit,
1011 1663 1162 1689 vocum
1186 1651 1567 1707 elegantiarumque

146 1704 377 1744 Atticarum
405 1703 551 1744 haberi
580 1713 719 1757 potest
746 1713 962 1744 accuratus
993 1713 1154 1754 auctor,
1192 1703 1296 1744 adeo
1315 1714 1363 1744 ut
1392 1707 1565 1749 minime

147 1759 253 1800 mihi
283 1757 576 1812 persuadeam,
620 1758 973 1814 significationem
1002 1759 1116 1799 illam
1147 1762 1324 1812 ῥιπίδας.
1363 1775 1455 1801 cum
1486 1777 1564 1817 pro

145 1815 386 1864 umbraculo
402 1824 650 1868 usurpatur,
680 1828 732 1854 ex
754 1815 888 1854 Attici
908 1814 1111 1855 sermonis
1128 1814 1319 1854 fontibus
1344 1830 1431 1857 esse
1451 1832 1567 1871 repe-

145 1870 325 1912 tendam.
354 1870 499 1924 paucis
526 1884 610 1909 rem
639 1879 769 1909 totam
790 1869 1029 1923 explicabo,
1061 1878 1102 1910 et
1119 1870 1157 1909 si
1185 1869 1286 1924 quid
1306 1881 1367 1910 est
1388 1871 1566 1912 difficul-

145 1926 266 1976 tatis,
293 1925 407 1981 qnod
439 1925 568 1975 alicui
593 1938 727 1965 moras
747 1926 883 1965 facere
902 1926 1051 1979 possit,
1085 1924 1130 1964 id
1148 1939 1270 1965 omne
1290 1929 1447 1969 tollam.
1489 1928 1566 1970 At-

145 1981 221 2022 tici
242 1983 378 2036 ῥιπίδα
396 1980 564 2034 proprie
586 1979 785 2027 dixerint,
804 1982 923 2020 cuius
944 1980 1178 2034 agitatione
1199 1982 1435 2022 concitatus
1456 1984 1566 2037 ignis

145 2035 326 2089 flammas
349 2035 628 2089 concipiebat.
671 2035 773 2075 hinc
794 2050 919 2090 porro
952 2035 1182 2087 flabellum,
1215 2050 1298 2090 quo
1320 2040 1385 2077 vel
1405 2053 1565 2078 muscas

145 2085 390 2148 abigebant,
439 2094 509 2132 vel
538 2104 621 2146 quo
658 2090 965 2132 incommodum
995 2091 1162 2130 aestatis
1190 2091 1376 2131 ardorem
1401 2094 1566 2149 mitiga-

145 2146 271 2195 bant3
302 2161 383 2203 qua
403 2146 628 2201 posteriori
648 2145 958 2200 significatione
974 2160 1061 2186 non
1081 2161 1172 2186 raro
1195 2146 1303 2199 apud
1325 2146 1566 2200 Chrysoato-

147 2217 256 2251 mum
279 2202 430 2258 legisse
461 2202 735 2244 commemini.
776 2201 1022 2256 posterioris
1052 2211 1190 2241 autem
1218 2203 1381 2254 generis
1402 2201 1564 2245 flabella

147 2257 336 2312 potuisse
371 2258 574 2312 explicari
611 2258 847 2312 iterumque
880 2258 923 2296 in
958 2257 1088 2309 plicas
1118 2256 1314 2309 componi
1344 2258 1453 2297 nihil
1488 2257 1565 2313 est,

178 2327 232 2353 uo
258 2314 394 2353 minus
428 2312 733 2360 existimemus;
767 2313 962 2352 nimirum
991 2326 1036 2350 ea
1059 2311 1244 2356 ratione,
1276 2325 1354 2365 qua
1377 2313 1418 2352 id
1437 2313 1565 2357 hodie

179 2368 238 2407 eri
263 2369 494 2408 consuevit.
533 2367 644 2422 apud
666 2369 876 2407 Romanos
903 2365 1067 2422 quidem
1092 2365 1250 2406 flabella
1278 2368 1565 2410 conficieban-

149 2430 217 2462 tur
233 2436 258 2463 e
274 2423 470 2464 tenuibus
491 2422 667 2472 tabellis,
700 2422 851 2476 quibus
877 2423 1000 2462 motis
1019 2431 1166 2473 ventos
1185 2422 1411 2470 faciebant,
1440 2440 1563 2479 quae-

151 2489 231 2530 que
250 2477 376 2519 dnbio
392 2482 539 2533 procul
567 2477 805 2532 complicari
824 2477 949 2519 etiam
970 2486 1212 2532 potuerunt,
1243 2479 1434 2521 meminit
1448 2482 1565 2533 ,Ovi-

1054 2543 1240 2598 PPPPP
1270 2549 1297 2588 2
