1690 2996
162 161 269 202 1212
781 157 858 197 lx.
918 161 1009 204 130.

159 274 287 323 longe
308 267 440 308 maior
457 267 670 309 innostro
692 270 864 309 Polluce}-
882 270 1066 324 reposita
1090 279 1175 322 est,
1206 269 1335 325 idque
1355 270 1480 316 nimis
1503 285 1586 312 no-

161 326 333 367 tandum
353 338 475 377 saepe
497 334 618 377 esset,
647 324 683 364 si
704 325 828 366 modo
850 326 930 366 hoo
955 340 1177 381 ageremus.
1233 333 1343 369 que.

263 378 462 433 Ἀριστοφ.
483 380 526 422 δὲ
549 380 593 423 ἐν
615 382 1003 479 Πολ.ᾶοῑο.]ΟΗεοσ
1021 381 1172 422 absunt
1191 396 1214 422 a
1237 383 1285 425 C.
1303 383 1358 424 A.
1377 396 1512 439 usque
1532 383 1583 423 ad

158 456 188 482 π
215 435 398 485 οσοικώς·
429 437 488 475 ita
510 445 553 476 et
568 437 697 478 Salm.
746 451 767 477 e
787 437 836 479 V⁴
893 469 902 479 .
960 444 1103 478 Konna.

190 455 211 494 ρ
265 489 465 545 Ἀριστοφ.
486 493 528 535 δὲ
556 493 597 534 ἐν
617 497 718 535 Πολ.
739 494 849 547 etm]
886 494 1002 534 Haec
1027 493 1177 534 desunt
1197 493 1244 542 in
1271 492 1362 536 MS.
1381 509 1515 550 usque
1533 494 1585 536 ad

160 547 260 595 ἆλλᾶ
278 547 357 602 μὴν
376 551 456 591 καί.
486 549 755 594 Platonicum
773 547 992 603 προσοικώς
1011 548 1305 604 quaerendum.
1360 557 1461 592 Iuno.

265 603 468 659 Ἀριστοφ.
499 604 540 646 δὲ
568 605 609 646 ἐν
649 606 780 657 Πολ.]
824 606 1028 655 Meminit
1057 605 1158 645 hinc
1188 605 1300 645 inter
1323 605 1430 646 alios
1459 605 1585 646 buius

159 661 494 720 Aristophanem
511 659 678 700 fabulae
698 662 907 704 Mem-sius
927 663 971 700 in
990 661 1144 701 Attica
1172 662 1380 705 Biblioth.
1409 672 1452 702 et
1471 663 1583 703 enim

160 716 354 771 superius
365 715 540 756 eundem
554 714 776 765 habuimus
789 718 912 756 etiam
925 718 969 756 in
982 717 1164 757 Auctore
1174 726 1330 760 nostro.
1361 717 1433 758 sed
1446 718 1585 758 obser·

162 787 259 816 vare
275 772 408 823 lubet,
434 771 583 810 solitos
602 771 734 810 fuisse
753 772 997 813 creberrime
1021 773 1205 812 Comicoe
1224 772 1361 812 titulis
1379 773 1585 828 insignire

160 828 469 884 tragoediarum
489 840 584 865 suas
607 827 784 871 fabulas,
807 842 881 875 seu
901 829 943 866 id
961 827 1114 866 ludicri
1137 828 1398 868 causafuerit
1410 830 1583 882 factum,

161 901 235 938 seu
246 884 374 926 etiam
392 892 440 922 ut
455 881 530 921 sub
541 881 623 920 hoc
634 884 728 920 velo
741 883 855 935 ipsos
870 884 1033 931 illarum
1047 883 1280 922 fabularum
1291 885 1481 936 auct-ores
1493 900 1584 939 per-

160 938 429 994 stringerent,
459 951 542 992 quo
558 936 608 976 de
623 938 703 976 iam
724 951 809 976 non
833 939 1040 993 inquiram
1060 939 1252 992 amplius.
1283 938 1328 978 in
1344 937 1444 979 istis
1464 940 1585 980 fabu-

159 999 214 1043 lis
229 1006 271 1037 et
295 995 508 1035 enumeres
529 992 630 1031 licet
649 991 763 1033 huno
784 994 1010 1047 Polyidum
1029 994 1343 1047 Aristophanis.
1379 996 1585 1050 tragicum

162 1053 206 1094 id
227 1061 287 1092 est
313 1057 616 1105 argumentum,
651 1047 764 1101 qnod
786 1049 859 1089 ille
879 1049 1012 1089 soccis
1034 1059 1259 1103 aptaverat.
1290 1049 1453 1091 scilicet
1471 1051 1586 1091 illam

161 1106 419 1162 tragoediam
450 1105 493 1142 in
527 1117 690 1144 scenam
718 1103 907 1145 ediderat
937 1106 1176 1158 Sophocles,
1209 1119 1290 1160 qua
1314 1106 1359 1144 in
1381 1120 1424 1146 re
1441 1107 1479 1146 si
1493 1108 1585 1160 quis

155 1159 402 1216 ⁴testimonia
423 1159 630 1200 desideret
649 1169 880 1212 auctorum,
910 1160 1031 1202 adeat
1047 1162 1121 1202 ille
1137 1163 1317 1201 Mem-sii
1333 1163 1585 1215 Sophoclem,

162 1230 205 1261 et
230 1232 432 1258 summum
466 1215 755 1254 casaubonum
783 1215 834 1255 ad
860 1217 1013 1257 Athen.
1039 1217 1111 1259 VI.
1137 1217 1278 1257 Anim.
1302 1232 1338 1260 c.
1357 1217 1396 1260 4.
1452 1219 1584 1258 Porro

160 1278 244 1316 isto
272 1274 480 1314 vocabulo
505 1270 730 1326 προσοικώς
757 1280 844 1310 tum
880 1273 984 1312 alibi
1020 1281 1178 1313 tumet
1203 1272 1250 1312 in
1290 1273 1428 1313 orma
1450 1274 1586 1314 utitur

197 1333 296 1372 late.
528 1344 530 1347 '

159 1333 197 1385 1?
224 1380 227 1381 ⁷
268 1385 337 1428 καὶ
355 1380 535 1436 τύπωμα,
565 1383 633 1424 καὶ
653 1384 873 1438 ἐκμαγεῖον]
903 1385 982 1423 Est
1000 1385 1045 1423 in
1069 1383 1115 1424 C.
1138 1385 1188 1423 A.
1211 1381 1438 1436 ἔκτῦπωμα,
1467 1385 1586 1439 ἔκμε-

160 1443 359 1499 μαγμένον
371 1455 382 1467 ·
410 1439 456 1491 τρὶ
481 1439 522 1481 δὲ
541 1434 730 1492 difflatas
747 1437 971 1492 ὄμοιοῖσθαι
992 1445 1298 1495 παρομοιῶσθαι
1317 1442 1383 1483 καὶ
1400 1442 1587 1496 προσφέ-

162 1516 244 1555 ρειν,
264 1499 331 1540 καὶ
347 1497 633 1549 προσεκφέρειν
652 1513 689 1548 μ.
707 1512 736 1537 ε.
757 1493 1088 1550 ἆποσφραγίσθαι
1106 1506 1184 1536 etc.
1215 1510 1321 1551 quae
1333 1497 1586 1538 interiacent

161 1555 415 1602 omittuntur
430 1553 586 1592 omnia.
620 1552 746 1590 Salm.
767 1552 889 1591 etiam
907 1551 1019 1592 delet
1036 1567 1059 1593 a
1075 1553 1125 1592 V.
1142 1552 1192 1594 C.
1247 1559 1390 1593 Kunm«.

268 1611 334 1652 καὶ
362 1606 547 1661 τύπωμα,
576 1607 645 1649 καὶ
674 1608 909 1662 ἐκμαγεῖον]
948 1609 1118 1648 Desunt
1147 1609 1192 1648 in
1218 1608 1316 1652 MS.
1337 1611 1404 1652 καὶ
1418 1606 1584 1665 τύπωμα

159 1667 230 1711 καὶ
248 1666 467 1720 ἐκμαγεῖον.
525 1669 633 1703 que.

268 1723 333 1763 καὶ
353 1719 532 1775 τύπωμα,
562 1721 626 1761 καὶ
643 1719 870 1774 ἐκμαγεῖον]
897 1719 944 1758 In
957 1719 1148 1759 omnibus
1160 1721 1263 1761 haec
1279 1722 1402 1764 MSS.
1420 1720 1582 1762 desunt.

161 1789 203 1823 et
223 1779 376 1817 mirum
398 1786 535 1816 tamen
551 1809 564 1826 ,
593 1775 629 1814 si
647 1775 725 1814 ista
745 1789 828 1814 non
849 1789 870 1813 a
892 1775 1062 1814 Polluce
1078 1775 1148 1814 hic
1167 1778 1386 1818 commodo
1406 1779 1584 1817 maxime

147 1827 256 1881 ‚l‘oco
275 1834 361 1872 sint
386 1833 590 1884 profecta.
627 1828 678 1870 de
706 1840 842 1870 cetero
872 1842 1028 1870 certum
1055 1841 1117 1871 est
1137 1833 1180 1871 in
1202 1833 1324 1872 nudis
1344 1833 1583 1874 istiusmodi

158 1904 310 1930 vocum
330 1886 664 1936 recensionibus,
697 1891 803 1939 quae
822 1896 920 1925 sunt
949 1887 995 1925 in
1021 1886 1180 1927 Polluce
1211 1889 1584 1944 frequentissimae,

157 1944 337 1999 plurima
363 1942 561 1996 diligenti
585 1945 786 1980 lectorum
816 1956 942 1995 opera
961 1942 1011 1981 ad
1034 1944 1256 1999 marginem
1282 1943 1411 1984 adlita
1431 1945 1583 1994 fuisse,

159 2010 286 2054 atque
313 1997 624 2050 tum'temporis
651 2000 771 2049 lapsu
799 1998 1016 2050 irrepsisse
1042 1995 1227 2050 textum,
1268 1999 1423 2055 quibus
1445 2009 1582 2040 tamen

157 2055 288 2095 inviti
306 2067 546 2093 careremus.
610 2052 797 2105 Τύπωμα,
827 2053 898 2093 sed
917 2054 1001 2094 alio
1019 2068 1155 2106 sensu,
1172 2065 1239 2096 'est
1256 2055 1301 2095 in
1319 2055 1495 2098 Electra
1511 2057 1584 2096 So-

151 2113 343 2167 phoclis:
371 2108 535 2162 τύπωμα
553 2107 858 2162 χαλκόπλευρον,
882 2109 996 2162 quod
1014 2120 1056 2150 et
1078 2110 1128 2150 ad
1151 2112 1340 2161 Suidam,
1373 2111 1448 2165 qui
1471 2111 1583 2151 indi-

161 2166 253 2207 dem
282 2167 362 2205 ista
391 2165 563 2213 citavit,
593 2164 741 2204 Porcus
760 2165 936 2207 monuit.
993 2166 1207 2222 Integrum
1238 2168 1351 2209 vitae
1371 2167 1582 2208 homiuem

159 2224 354 2262 Basilius
382 2223 565 2289 ap‘pellat
588 2217 754 2272 visanum
778 2225 849 2272 τῆς
874 2219 1092 2275 ἁγιωτάτης
1111 2229 1184 2266 τοῦ
1205 2227 1381 2279 Χριστοῦ
1396 2225 1582 2277 προαιρέ-

162 2294 269 2328 σεως.
295 2284 300 2288 ’
318 2274 572 2328 Ἐκτυπωμα,
604 2286 662 2327 et,
690 2274 801 2330 quod
823 2276 921 2316 inde
944 2276 1176 2318 derivatum
1196 2279 1363 2320 verbum
1381 2279 1581 2321 ἐκτυποῦν

155 2349 258 2374 mox
278 2333 406 2388 habet
423 2334 588 2382 Pollux,
609 2342 785 2384 utraque
806 2341 906 2370 sunt
924 2331 967 2369 in
982 2335 1130 2372 summi
1147 2335 1392 2386 Philosophi
1406 2336 1579 2376 Timaeo:

159 2392 305 2442 νοῆσαί
323 2405 362 2432 τε
382 2388 491 2442 (χρὴ)
510 2385 563 2437 ὥς
574 2384 646 2431 οὔκ
659 2385 779 2434 ἄλλως
797 2385 1072 2439 ἕκτυπώματος
1093 2391 1253 2432 ἔσεσθαι
1269 2391 1475 2443 μέλλοντος
1485 2393 1582 2434 ἰδεῖν

158 2449 343 2488 ποικίλου
363 2443 492 2494 πάσας
509 2443 721 2492 ποικιλίαις,
750 2439 858 2483 τοῦτ’
873 2439 982 2487 αὐτὸ,
1011 2444 1053 2485 ἐν
1068 2441 1101 2501 ᾦ
1119 2443 1408 2498 ἐκτυπούμενον
1426 2447 1581 2488 ἐνίστα-

159 2518 242 2551 ται,
269 2498 415 2556 γένοιτ’
437 2497 488 2542 ἂν
502 2499 868 2556 παρεσκευασμένον
896 2491 942 2539 εὖ
967 2507 1044 2538 etc.
1088 2501 1132 2538 in
1161 2515 1339 2552 quorum
1360 2501 1596 2542 verborum-

157 2571 281 2596 sensu
300 2556 501 2596 diametro
523 2558 652 2596 ferme
672 2555 829 2594 distant
844 2554 1082 2594 Chalc-idias
1101 2567 1142 2595 et
1158 2559 1377 2596 Mar-silius
1389 2559 1577 2597 Fioinua:

158 2626 236 2653 nos
256 2611 327 2652 hic
353 2613 548 2652 lubentes
570 2621 775 2661 tacemus,
813 2608 1020 2664 siquidem
1040 2612 1171 2666 ipsam
1191 2613 1251 2652 rei
1270 2613 1577 2667 expositionem
