1690 2996
740 96 796 138 X.
850 98 920 141 44.
1428 94 1529 135 1401

91 211 261 265 ‘planis
287 207 461 248 subiicit
483 210 646 259 locum,
679 209 751 260 qui
782 208 843 246 sic
878 208 921 246 in
953 204 1141 246 ordinem
1171 213 1235 245 est
1262 203 1525 259 redigendus,

106 276 156 307 ut
175 266 317 320 posuit
339 265 383 303 in
402 265 515 303 notis
535 265 702 303 Portus.
716 264 833 302 vocis
853 261 1162 318 expositionem
1183 270 1317 299 autem
1335 275 1357 300 e
1381 260 1534 298 Comici

106 330 272 363 vetusto
295 320 630 361 commentatore
653 320 809 357 Suidas
828 318 992 365 hausit,
1023 331 1116 355 nam
1141 325 1179 355 et
1209 316 1302 361 ille.
1333 315 1528 370 οὖρητρῖς,

105 375 278 431 οὖρηρόν
304 373 473 429 ἀγγεῖον.
515 388 601 413 non
635 375 756 413 aliter
787 374 831 411 in
862 374 1127 414 Onomastieo
1152 371 1303 414 veteri:
1333 369 1528 420 Matella,

104 432 299 484 οὗρητρίς.
353 431 611 470 Athenaeum
631 430 735 469 adde
755 429 829 468 lib.
861 429 898 468 I.
923 443 958 468 c.
986 427 1044 468 14.
1077 436 1118 466 et
1138 439 1341 465 summum
1362 426 1412 466 ad
1435 442 1528 467 eum

105 488 494 528 Animadversorem.
553 485 683 525 Porro
699 514 712 531 ,
743 484 839 523 dum
861 485 905 522 in
927 483 990 522 his
1012 483 1194 535 agimus,
1226 482 1444 522 observare
1466 485 1529 521 lu-

43 581 47 584 .
106 542 200 597 bet,
227 553 309 582 tam
338 540 561 596 praecipiti
577 541 742 579 luxuria
762 541 892 579 fuisse
913 548 1092 588 veteres,
1121 547 1167 575 ut
1186 547 1227 576 et
1246 551 1386 576 servos
1410 537 1531 578 habe-

105 609 220 646 rent,
251 597 322 651 qui
342 597 447 649 ipsis
476 611 496 635 a
519 597 686 635 matulis
703 606 862 646 essent,
894 607 1044 648 easque
1074 592 1123 632 ad
1148 594 1352 645 crepitum
1374 592 1529 647 digito-

106 668 197 694 rum
225 661 536 706 supponerent3
575 650 694 690 flexis
718 652 827 691 enim
858 651 1048 705 genubus
1084 647 1347 687 subsidentes
1381 663 1528 701 aquam

106 709 291 751 emisisse
312 718 456 746 notum
479 717 564 753 est,
594 707 762 760 saepius
785 717 920 756 tamen
943 706 1066 745 etiam
1089 702 1274 742 vestibus
1296 703 1529 754 subductis,

109 764 220 817 quod
241 759 532 815 α’νασύρασθαι
550 763 705 811 ἐσθῆτα
724 762 871 801 Graeci
903 762 1062 799 dicunt.
1108 759 1355 797 vilissimum
1379 759 1420 797 id
1442 769 1528 798 erat

105 819 267 860 servitii
293 831 448 871 genus,
478 816 580 857 adeo
615 818 783 872 quidem
817 827 863 855 ut
889 816 996 869 apud
1017 816 1235 864 Plautum,
1269 815 1341 868 qui
1360 815 1528 869 saepius

108 875 231 913 istius
251 875 310 914 rei
333 873 544 922 meminit,
575 875 676 912 alter
695 871 746 911 ad
767 872 940 911 alterum
963 871 1102 917 dicat,
1134 871 1306 924 dignum
1330 884 1414 910 non
1439 884 1529 911 esse

109 943 216 975 enm,
248 929 322 981 qui
339 927 421 966 sibi
441 927 642 966 matulam'
654 928 854 981 porrigat,
885 926 1180 980 indignissimo
1209 926 1372 965 scilicet
1391 926 1528 979 ipsum

110 984 305 1023 convicio
334 983 616 1036 adspernatus.
657 982 726 1021 sed
749 983 975 1021 clarissime
995 982 1036 1018 in
1060 982 1133 1019 illo
1151 977 1320 1019 Arbitri
1339 979 1527 1020 consum·

109 1039 358 1077 mni-simae
390 1038 603 1088 nequitiae
641 1038 851 1091 Satyrion,
898 1037 972 1076 ubi
1014 1037 1232 1074 Trimatcio
1269 1038 1530 1075 lautissimus

109 1094 225 1132 homo
245 1095 518 1143 concrepuisse
536 1095 692 1146 digitos
714 1094 903 1142 refertur,
933 1092 994 1130 ad
1010 1091 1117 1143 quod
1130 1093 1295 1144 signum
1318 1094 1529 1130 matellam

109 1149 238 1201 spado
253 1148 417 1187 ludenti
433 1153 657 1200 supposuit.
715 1150 795 1188 Isti
815 1147 1012 1187 dicuntur
1034 1162 1062 1185 α
1081 1149 1239 1185 lacuna
1261 1148 1302 1184 in
1326 1149 1530 1199 Ante'quis

110 1203 448 1255 Inscriptionibus
480 1204 606 1241 variis
633 1205 675 1242 in
696 1204 816 1252 locis,
846 1213 893 1241 ut
913 1216 1123 1256 apponere
1145 1202 1366 1240 festinanti
1386 1217 1530 1242 exem-

108 1262 176 1313 pla
205 1273 289 1296 non
323 1271 428 1311 opus
455 1258 525 1296 sit.
566 1258 667 1297 hinc
687 1258 878 1307 emenda,
918 1261 999 1307 sis,
1033 1259 1074 1295 in
1107 1257 1252 1309 cyrilla·
1293 1257 1528 1298 Glossario:

105 1315 331 1359 Lac-unat.
361 1309 576 1365 ὀρόφωμα,
605 1312 749 1368 ὀροφή.
807 1315 1010 1359 Lacuna.
1037 1306 1278 1367 οιῗροδόχιον.
1317 1314 1528 1366 posterius

109 1382 263 1408 nomen
290 1368 362 1421 qui
388 1383 471 1407 non
490 1381 661 1408 noverat
682 1385 775 1408 cum
794 1372 925 1408 altero
945 1369 1076 1421 priori
1101 1367 1311 1408 confudit.
1342 1378 1384 1407 et
1407 1369 1527 1421 peius

107 1422 172 1462 illi
193 1434 326 1464 tamen
346 1423 504 1474 adhuc,
536 1425 608 1479 qui
626 1428 795 1479 vulgata
811 1425 991 1464 retinere
1009 1427 1172 1463 volunt.
1216 1423 1387 1462 Glossae
1407 1425 1527 1468 MSS.

107 1480 308 1529 Lacuna,
334 1482 521 1520 maeula:
550 1490 596 1518 ut
625 1481 803 1532 amplius
834 1479 885 1519 de
918 1479 995 1518 hac
1027 1479 1332 1519 emaculatione
1358 1493 1443 1518 non
1474 1481 1529 1520 sit

105 1533 296 1574 dubium.
353 1530 588 1589 Οὖροδόχιον
607 1546 743 1574 autem
767 1549 888 1588 saepe
906 1535 1068 1582 Graeci,
1102 1543 1142 1574 et
1159 1532 1415 1587 ον’ροδοχεῖον.
1446 1538 1531 1573 He-

109 1590 215 1640 syeh.
273 1587 504 1645 Οὖροδόχη,
532 1591 646 1640 α’μίς·
676 1590 938 1645 eundemque
964 1590 1060 1630 vide
1082 1590 1127 1628 iu
1151 1590 1298 1643 Οὕριον
1315 1589 1443 1643 flandr,
1468 1592 1528 1630 sic

95 1643 221 1684 enim
240 1654 286 1684 et
307 1659 382 1700 ego
404 1646 622 1699 legendum
647 1656 800 1700 putem.

216 1698 393 1754 λάσανα]
438 1703 508 1741 De
536 1701 600 1741 bis
626 1712 668 1742 et
688 1716 811 1754 supra
836 1702 887 1751 V,
914 1715 982 1757 9¹·
1014 1700 1179 1741 restitui
1201 1702 1361 1751 locum,
1390 1703 1446 1749 εἰς
1464 1699 1528 1743 λα’-
1594 1723 1601 1725 <

91 1767 207 1796 ,σανα
243 1770 293 1796 ex
321 1757 415 1798 MS.
461 1757 682 1811 legendum
720 1757 897 1808 docens,
954 1771 1030 1810 pro
1066 1759 1238 1810 vulgato
1282 1760 1341 1806 εἰς
1369 1756 1527 1812 λαγόνα.

109 1809 335 1853 Iunonum.

217 1862 394 1920 λάσανα]
426 1867 551 1921 Quod
571 1867 642 1907 hic
662 1867 712 1907 de
732 1863 919 1915 λασᾶνοις
937 1866 1195 1920 probandum
1226 1867 1401 1920 suscipit
1439 1868 1528 1907 Pol·

110 1921 195 1972 lux,
222 1923 447 1963 ea⁴scilicet
477 1924 611 1962 fuisse
642 1924 885 1977 portatilia,
919 1923 1143 1961 clarissime
1172 1923 1307 1974 liquet
1330 1938 1379 1960 ex
1402 1928 1530 1964 λασα-

107 1973 319 2029 νυφᾶροις,
347 1993 453 2032 quos
478 1989 633 2018 veteres
660 1993 745 2018 non
763 1993 880 2018 secus
904 1993 950 2016 ac
971 1992 1111 2017 servos
1133 1992 1155 2016 a
1179 1979 1347 2016 matulis
1368 1977 1531 2016 babue-

107 2040 217 2069 runt.
255 2033 503 2072 facetissime
535 2034 701 2087 quidem
724 2037 959 2083 Antigonus
986 2048 1132 2081 senex,
1162 2047 1283 2086 quem
1308 2048 1398 2072 cum
1422 2047 1530 2071 snm·

38 2121 44 2127 .
70 2085 186 2129 ·.mis
207 2087 401 2127 laudibus
429 2090 471 2127 in
505 2090 684 2142 quodam
715 2090 896 2128 carmine
927 2089 1148 2127 extulisset
1175 2088 1223 2125 ad
1244 2091 1403 2126 coelum
1426 2087 1531 2125 Her-

50 2175 59 2182 ,
109 2142 292 2181 ηιοᾰοιιιε
321 2144 512 2212 quidam,
542 2159 717 2198 eumque
744 2145 854 2184 Solis
879 2144 1009 2183 filium
1040 2158 1086 2182 ac
1106 2145 1245 2182 Deum
1267 2145 1529 2196 appellasset,

109 2212 156 2239 ου
182 2199 342 2240 τοιαῦτα
370 2216 463 2252 μοι,
505 2201 671 2253 inquit,
703 2195 729 2242 o‘
756 2199 1034 2251 λασανοφόρος
1062 2201 1261 2241 novomer-
1300 2198 1365 2235 uti
1396 2200 1531 2251 legere

36 2300 43 2303 -
93 2260 174 2292 »αἱ
198 2254 307 2304 apud
335 2257 613 2294 Plutarchum
651 2257 702 2294 de
735 2257 845 2295 Iside
872 2266 913 2294 et
946 2255 1129 2303 Osiride,
1170 2252 1280 2292 etin
1321 2254 1533 2304 Antigoni

93 2307 558 2362 ¹‹Ap‘pplzthegmcztibus.·
586 2312 812 2364 utrobique
840 2310 1107 2349 doctissimus
1130 2310 1332 2357 Interpres
1355 2312 1533 2349 lavaro·-

113 2358 235 2412 φόρον
262 2367 462 2416 exponit,
494 2370 567 2419 qui
595 2369 797 2405 matulam
814 2366 928 2418 sert,
961 2366 1082 2403 aliter
1109 2362 1219 2400 haud
1249 2361 1375 2401 dubie
1395 2363 1529 2401 factu-

114 2427 183 2452 tus
203 2416 237 2454 si
254 2419 419 2472 legisset
443 2423 519 2461 ista
541 2423 724 2462 Pollucis
742 2422 874 2459 nostri
894 2430 965 2459 aut
983 2418 1254 2457 meminisset.
1297 2432 1432 2469 neque
1454 2417 1529 2456 ha·

115 2467 267 2514 buerstz
285 2475 515 2526 Antigonus
549 2479 593 2516 in
628 2477 768 2515 animo
807 2475 858 2514 de
888 2476 959 2513 illa
1004 2483 1177 2511 naturae
1215 2474 1527 2517 exoneratione,

95 2537 310 2580 quaeper
335 2532 511 2572 vesicam
540 2534 619 2584 sit,
649 2532 721 2572 sed
743 2530 793 2571 de
816 2533 943 2571 altera
970 2542 1068 2572 vero
1088 2527 1339 2568 meminisse.
1396 2531 1528 2579 Hesy-

157 2601 456 2644 PolluxVoLV,
1075 2595 1256 2635 Vvvv
