<?xml version="1.0" encoding="UTF-8"?>
<!DOCTYPE html PUBLIC "-//W3C//DTD XHTML 1.0 Transitional//EN"
    "http://www.w3.org/TR/xhtml1/DTD/xhtml1-transitional.dtd">
<html xmlns="http://www.w3.org/1999/xhtml" xml:lang="en" lang="en">
 <head>
  <title>
</title>
<meta http-equiv="Content-Type" content="text/html;charset=utf-8" />
  <meta name='ocr-system' content='tesseract 3.04.00' />
  <meta name='ocr-capabilities' content='ocr_page ocr_carea ocr_par ocr_line ocrx_word'/>
</head>
<body>
  <div class='ocr_page' id='page_1' title='image "./p2onomastic05polluoft_0226.png"; bbox 0 0 1690 2996; ppageno 0'>
   <div class='ocr_carea' id='block_1_1' title="bbox 146 96 969 142">
    <p class='ocr_par' dir='ltr' id='par_1_1' title="bbox 146 96 969 142">
     <span class='ocr_line' id='line_1_1' title="bbox 146 96 969 142; baseline 0.002 -4"><span class='ocrx_word' id='word_1_1' title='bbox 146 96 253 138; x_wconf 85' lang='lat'><strong>1076</strong></span> <span class='ocrx_word' id='word_1_2' title='bbox 765 96 843 138; x_wconf 87' lang='lat' dir='ltr'><strong>IX.</strong></span> <span class='ocrx_word' id='word_1_3' title='bbox 899 101 969 142; x_wconf 82' lang='lat'><strong>83.</strong></span> 
     </span>
    </p>
   </div>
   <div class='ocr_carea' id='block_1_2' title="bbox 120 203 1577 2610">
    <p class='ocr_par' dir='ltr' id='par_1_2' title="bbox 120 203 1577 2610">
     <span class='ocr_line' id='line_1_2' title="bbox 143 203 1571 267; baseline 0.008 -19"><span class='ocrx_word' id='word_1_4' title='bbox 143 204 212 254; x_wconf 77' lang='grc' dir='ltr'><strong>οὓς</strong></span> <span class='ocrx_word' id='word_1_5' title='bbox 230 207 297 248; x_wconf 70' lang='grc' dir='ltr'><strong>ἐπὶ</strong></span> <span class='ocrx_word' id='word_1_6' title='bbox 328 203 419 254; x_wconf 74' lang='grc' dir='ltr'><em>τούς</em></span> <span class='ocrx_word' id='word_1_7' title='bbox 448 211 593 255; x_wconf 82' lang='grc' dir='ltr'>ἵππους</span> <span class='ocrx_word' id='word_1_8' title='bbox 619 204 851 260; x_wconf 68' lang='grc' dir='ltr'><strong>ἀναβαίνειν</strong></span> <span class='ocrx_word' id='word_1_9' title='bbox 862 210 1014 265; x_wconf 74' lang='grc' dir='ltr'><strong><em>μελετᾷ</em></strong></span> <span class='ocrx_word' id='word_1_10' title='bbox 1045 212 1180 254; x_wconf 70' lang='lat' dir='ltr'><strong>olom</strong></span> <span class='ocrx_word' id='word_1_11' title='bbox 1198 215 1268 256; x_wconf 70' lang='grc' dir='ltr'><strong>καῖ</strong></span> <span class='ocrx_word' id='word_1_12' title='bbox 1297 216 1571 267; x_wconf 66' lang='grc' dir='ltr'><strong>καταβαῖὑειν.</strong></span> 
     </span>
     <span class='ocr_line' id='line_1_3' title="bbox 143 262 1570 326; baseline 0.01 -27"><span class='ocrx_word' id='word_1_13' title='bbox 143 262 326 302; x_wconf 86' lang='lat' dir='ltr'><strong>videnne</strong></span> <span class='ocrx_word' id='word_1_14' title='bbox 358 265 509 311; x_wconf 75' lang='grc' dir='ltr'><em>Φίδων,</em></span> <span class='ocrx_word' id='word_1_15' title='bbox 551 273 678 315; x_wconf 87' lang='lat' dir='ltr'><strong>prout</strong></span> <span class='ocrx_word' id='word_1_16' title='bbox 709 263 782 303; x_wconf 90' lang='lat' dir='ltr'><strong>hic</strong></span> <span class='ocrx_word' id='word_1_17' title='bbox 813 266 944 305; x_wconf 84' lang='lat' dir='ltr'><strong>estin</strong></span> <span class='ocrx_word' id='word_1_18' title='bbox 976 267 1097 308; x_wconf 86' lang='lat' dir='ltr'><strong>MSS.</strong></span> <span class='ocrx_word' id='word_1_19' title='bbox 1128 268 1300 321; x_wconf 88' lang='lat' dir='ltr'><strong>pictum.</strong></span> <span class='ocrx_word' id='word_1_20' title='bbox 1333 272 1437 326; x_wconf 85' lang='lat' dir='ltr'><strong>quin</strong></span> <span class='ocrx_word' id='word_1_21' title='bbox 1470 287 1570 313; x_wconf 87' lang='lat' dir='ltr'><strong>vero</strong></span> 
     </span>
     <span class='ocr_line' id='line_1_4' title="bbox 143 317 1568 382; baseline 0.007 -27"><span class='ocrx_word' id='word_1_22' title='bbox 143 317 269 355; x_wconf 77' lang='lat' dir='ltr'><strong>huius</strong></span> <span class='ocrx_word' id='word_1_23' title='bbox 299 319 432 370; x_wconf 85' lang='lat' dir='ltr'><strong>ipsius</strong></span> <span class='ocrx_word' id='word_1_24' title='bbox 454 318 602 371; x_wconf 87' lang='lat' dir='ltr'><strong>Argivi</strong></span> <span class='ocrx_word' id='word_1_25' title='bbox 639 320 841 359; x_wconf 67' lang='lat' dir='ltr'><strong>thouis</strong></span> <span class='ocrx_word' id='word_1_26' title='bbox 859 331 1012 362; x_wconf 87' lang='lat' dir='ltr'><strong>nomeu</strong></span> <span class='ocrx_word' id='word_1_27' title='bbox 1034 323 1092 363; x_wconf 87' lang='lat' dir='ltr'><strong>ita</strong></span> <span class='ocrx_word' id='word_1_28' title='bbox 1113 324 1315 378; x_wconf 82' lang='lat' dir='ltr'><strong>scriptum</strong></span> <span class='ocrx_word' id='word_1_29' title='bbox 1336 327 1500 382; x_wconf 77' lang='lat' dir='ltr'><strong>reperio</strong></span> <span class='ocrx_word' id='word_1_30' title='bbox 1523 329 1568 366; x_wconf 86' lang='lat' dir='ltr'><strong>in</strong></span> 
     </span>
     <span class='ocr_line' id='line_1_5' title="bbox 142 371 1570 434; baseline 0.01 -24"><span class='ocrx_word' id='word_1_31' title='bbox 142 373 373 412; x_wconf 75' lang='lat' dir='ltr'><em>Plutarchi</em></span> <span class='ocrx_word' id='word_1_32' title='bbox 397 371 634 424; x_wconf 75' lang='grc' dir='ltr'><em>Ἐρωτικαΐς</em></span> <span class='ocrx_word' id='word_1_33' title='bbox 662 373 890 429; x_wconf 64' lang='grc' dir='ltr'><em>διηγήσεσι,</em></span> <span class='ocrx_word' id='word_1_34' title='bbox 919 378 994 417; x_wconf 85' lang='lat' dir='ltr'><strong>ubi</strong></span> <span class='ocrx_word' id='word_1_35' title='bbox 1027 382 1161 422; x_wconf 77' lang='grc' dir='ltr'><em>Φίλων</em></span> <span class='ocrx_word' id='word_1_36' title='bbox 1199 382 1295 434; x_wconf 87' lang='lat' dir='ltr'><strong>typi</strong></span> <span class='ocrx_word' id='word_1_37' title='bbox 1311 383 1420 423; x_wconf 84' lang='lat' dir='ltr'><strong>vitio</strong></span> <span class='ocrx_word' id='word_1_38' title='bbox 1444 386 1570 424; x_wconf 79' lang='lat' dir='ltr'><strong>semel</strong></span> 
     </span>
     <span class='ocr_line' id='line_1_6' title="bbox 144 429 1577 493; baseline 0.008 -27"><span class='ocrx_word' id='word_1_39' title='bbox 144 429 347 468; x_wconf 87' lang='lat' dir='ltr'><strong>iterumve</strong></span> <span class='ocrx_word' id='word_1_40' title='bbox 366 439 505 470; x_wconf 83' lang='lat' dir='ltr'><strong>extat:</strong></span> <span class='ocrx_word' id='word_1_41' title='bbox 534 429 718 484; x_wconf 79' lang='lat' dir='ltr'>indeque</span> <span class='ocrx_word' id='word_1_42' title='bbox 746 431 879 471; x_wconf 79' lang='lat' dir='ltr'><strong>discas</strong></span> <span class='ocrx_word' id='word_1_43' title='bbox 897 434 1019 483; x_wconf 87' lang='lat' dir='ltr'><strong>licet,</strong></span> <span class='ocrx_word' id='word_1_44' title='bbox 1054 449 1128 475; x_wconf 84' lang='lat' dir='ltr'><strong>cur</strong></span> <span class='ocrx_word' id='word_1_45' title='bbox 1155 435 1446 481; x_wconf 81' lang='lat' dir='ltr'><strong>Corinthiusa</strong></span> <span class='ocrx_word' id='word_1_46' title='bbox 1467 439 1577 493; x_wconf 74' lang='lat' dir='ltr'><strong>qui-¹</strong></span> 
     </span>
     <span class='ocr_line' id='line_1_7' title="bbox 143 483 1569 548; baseline 0.011 -28"><span class='ocrx_word' id='word_1_47' title='bbox 143 483 330 535; x_wconf 81' lang='lat' dir='ltr'><strong>busdam,</strong></span> <span class='ocrx_word' id='word_1_48' title='bbox 360 483 471 524; x_wconf 87' lang='lat' dir='ltr'><strong>inter</strong></span> <span class='ocrx_word' id='word_1_49' title='bbox 490 499 593 539; x_wconf 85' lang='lat' dir='ltr'><strong>quos</strong></span> <span class='ocrx_word' id='word_1_50' title='bbox 613 487 798 526; x_wconf 78' lang='lat' dir='ltr'><strong>Pindari</strong></span> <span class='ocrx_word' id='word_1_51' title='bbox 818 489 1087 539; x_wconf 68' lang='lat' dir='ltr'><strong>Scholia-stes,</strong></span> <span class='ocrx_word' id='word_1_52' title='bbox 1119 492 1374 534; x_wconf 86' lang='lat' dir='ltr'><strong>nominetur.</strong></span> <span class='ocrx_word' id='word_1_53' title='bbox 1436 493 1484 537; x_wconf 81' lang='lat' dir='ltr'><strong>[n</strong></span> <span class='ocrx_word' id='word_1_54' title='bbox 1498 494 1569 548; x_wconf 84' lang='lat' dir='ltr'><strong>ip-</strong></span> 
     </span>
     <span class='ocr_line' id='line_1_8' title="bbox 141 539 1567 603; baseline 0.008 -26"><span class='ocrx_word' id='word_1_55' title='bbox 141 540 198 578; x_wconf 85' lang='lat' dir='ltr'><strong>sis</strong></span> <span class='ocrx_word' id='word_1_56' title='bbox 220 539 399 579; x_wconf 84' lang='lat' dir='ltr'>subinde</span> <span class='ocrx_word' id='word_1_57' title='bbox 418 542 596 580; x_wconf 87' lang='lat' dir='ltr'><strong>nummis</strong></span> <span class='ocrx_word' id='word_1_58' title='bbox 617 542 805 596; x_wconf 80' lang='lat' dir='ltr'>antiquis</span> <span class='ocrx_word' id='word_1_59' title='bbox 824 546 946 588; x_wconf 86' lang='grc' dir='ltr'><strong>ΦΙΔ</strong></span> <span class='ocrx_word' id='word_1_60' title='bbox 960 549 993 587; x_wconf 94' lang='grc' dir='ltr'><em>Ο</em></span> <span class='ocrx_word' id='word_1_61' title='bbox 1019 548 1226 596; x_wconf 83' lang='lat' dir='ltr'><strong>sculptum</strong></span> <span class='ocrx_word' id='word_1_62' title='bbox 1247 558 1432 601; x_wconf 81' lang='lat' dir='ltr'><strong>apparet,</strong></span> <span class='ocrx_word' id='word_1_63' title='bbox 1463 563 1567 603; x_wconf 87' lang='lat' dir='ltr'><strong>quo-</strong></span> 
     </span>
     <span class='ocr_line' id='line_1_9' title="bbox 140 595 1568 658; baseline 0.007 -25"><span class='ocrx_word' id='word_1_64' title='bbox 140 610 230 633; x_wconf 91' lang='lat' dir='ltr'><strong>rum</strong></span> <span class='ocrx_word' id='word_1_65' title='bbox 253 595 356 635; x_wconf 87' lang='lat' dir='ltr'><strong>bene</strong></span> <span class='ocrx_word' id='word_1_66' title='bbox 381 610 528 651; x_wconf 86' lang='lat' dir='ltr'><strong>magna</strong></span> <span class='ocrx_word' id='word_1_67' title='bbox 556 606 618 636; x_wconf 87' lang='lat' dir='ltr'><strong>est</strong></span> <span class='ocrx_word' id='word_1_68' title='bbox 643 596 687 635; x_wconf 86' lang='lat' dir='ltr'><strong>in</strong></span> <span class='ocrx_word' id='word_1_69' title='bbox 710 600 1044 654; x_wconf 68' lang='lat' dir='ltr'>antiquariorum</span> <span class='ocrx_word' id='word_1_70' title='bbox 1067 602 1293 643; x_wconf 82' lang='lat' dir='ltr'><strong>Thesauris</strong></span> <span class='ocrx_word' id='word_1_71' title='bbox 1314 604 1461 658; x_wconf 77' lang='lat' dir='ltr'><strong>copia.-</strong></span> <span class='ocrx_word' id='word_1_72' title='bbox 1489 611 1568 648; x_wconf 82' lang='lat' dir='ltr'><strong>Be.</strong></span> 
     </span>
     <span class='ocr_line' id='line_1_10' title="bbox 137 655 1569 713; baseline 0.008 -25"><span class='ocrx_word' id='word_1_73' title='bbox 137 666 283 701; x_wconf 78' lang='lat' dir='ltr'><strong>gerum</strong></span> <span class='ocrx_word' id='word_1_74' title='bbox 311 655 482 692; x_wconf 77' lang='lat' dir='ltr'><strong>consule</strong></span> <span class='ocrx_word' id='word_1_75' title='bbox 519 655 721 692; x_wconf 78' lang='lat' dir='ltr'><em>Thesauro</em></span> <span class='ocrx_word' id='word_1_76' title='bbox 757 656 961 695; x_wconf 83' lang='lat' dir='ltr'><strong>Bran-deb.</strong></span> <span class='ocrx_word' id='word_1_77' title='bbox 999 659 1275 712; x_wconf 82' lang='lat' dir='ltr'>meminitque</span> <span class='ocrx_word' id='word_1_78' title='bbox 1310 660 1569 713; x_wconf 74' lang='lat' dir='ltr'><strong>Sperlingius</strong></span> 
     </span>
     <span class='ocr_line' id='line_1_11' title="bbox 141 706 1567 760; baseline 0.008 -15"><span class='ocrx_word' id='word_1_79' title='bbox 141 706 192 747; x_wconf 82' lang='lat' dir='ltr'><strong>de</strong></span> <span class='ocrx_word' id='word_1_80' title='bbox 211 708 402 746; x_wconf 81' lang='lat' dir='ltr'><strong>Nummis</strong></span> <span class='ocrx_word' id='word_1_81' title='bbox 420 722 502 747; x_wconf 85' lang='lat' dir='ltr'><strong>non</strong></span> <span class='ocrx_word' id='word_1_82' title='bbox 528 709 654 749; x_wconf 73' lang='lat' dir='ltr'><strong>cusis.</strong></span> <span class='ocrx_word' id='word_1_83' title='bbox 710 710 904 751; x_wconf 80' lang='lat' dir='ltr'><strong>Attamen</strong></span> <span class='ocrx_word' id='word_1_84' title='bbox 921 723 1014 751; x_wconf 76' lang='lat' dir='ltr'><strong>&#39;non</strong></span> <span class='ocrx_word' id='word_1_85' title='bbox 1037 713 1170 753; x_wconf 86' lang='lat' dir='ltr'><strong>rarius</strong></span> <span class='ocrx_word' id='word_1_86' title='bbox 1189 716 1297 755; x_wconf 83' lang='lat' dir='ltr'><strong>solet</strong></span> <span class='ocrx_word' id='word_1_87' title='bbox 1313 715 1442 755; x_wconf 86' lang='lat' dir='ltr'><strong>scribi</strong></span> <span class='ocrx_word' id='word_1_88' title='bbox 1462 718 1567 760; x_wconf 74' lang='grc' dir='ltr'><strong>Φεί-</strong></span> 
     </span>
     <span class='ocr_line' id='line_1_12' title="bbox 137 763 1566 823; baseline 0.008 -24"><span class='ocrx_word' id='word_1_89' title='bbox 137 766 230 812; x_wconf 60' lang='lat' dir='ltr'><strong>don,</strong></span> <span class='ocrx_word' id='word_1_90' title='bbox 262 777 384 818; x_wconf 89' lang='lat' dir='ltr'><strong>quam</strong></span> <span class='ocrx_word' id='word_1_91' title='bbox 415 763 707 817; x_wconf 75' lang='lat' dir='ltr'>scriptionem,</span> <span class='ocrx_word' id='word_1_92' title='bbox 738 781 832 805; x_wconf 90' lang='lat' dir='ltr'><strong>cum</strong></span> <span class='ocrx_word' id='word_1_93' title='bbox 861 768 1074 806; x_wconf 77' lang='lat' dir='ltr'><strong>Kuelznius</strong></span> <span class='ocrx_word' id='word_1_94' title='bbox 1101 768 1345 823; x_wconf 85' lang='lat' dir='ltr'><strong>probaverit</strong></span> <span class='ocrx_word' id='word_1_95' title='bbox 1362 772 1566 811; x_wconf 81' lang='lat' dir='ltr'><strong>restitue-</strong></span> 
     </span>
     <span class='ocr_line' id='line_1_13' title="bbox 137 818 1565 871; baseline 0.008 -13"><span class='ocrx_word' id='word_1_96' title='bbox 137 819 300 871; x_wconf 81' lang='lat' dir='ltr'><strong>ritque,</strong></span> <span class='ocrx_word' id='word_1_97' title='bbox 330 818 376 857; x_wconf 87' lang='lat' dir='ltr'><strong>in</strong></span> <span class='ocrx_word' id='word_1_98' title='bbox 405 828 567 858; x_wconf 80' lang='lat' dir='ltr'><strong>textum</strong></span> <span class='ocrx_word' id='word_1_99' title='bbox 589 820 781 861; x_wconf 87' lang='lat' dir='ltr'><strong>lubentes</strong></span> <span class='ocrx_word' id='word_1_100' title='bbox 802 821 1059 862; x_wconf 81' lang='lat' dir='ltr'><strong>admisimus.</strong></span> <span class='ocrx_word' id='word_1_101' title='bbox 1118 825 1220 864; x_wconf 90' lang='lat' dir='ltr'><strong>Non</strong></span> <span class='ocrx_word' id='word_1_102' title='bbox 1241 839 1432 866; x_wconf 87' lang='lat' dir='ltr'><strong>nummos</strong></span> <span class='ocrx_word' id='word_1_103' title='bbox 1450 827 1565 869; x_wconf 85' lang='lat' dir='ltr'><strong>hunc</strong></span> 
     </span>
     <span class='ocr_line' id='line_1_14' title="bbox 137 875 1565 935; baseline 0.006 -22"><span class='ocrx_word' id='word_1_104' title='bbox 137 875 361 913; x_wconf 79' lang='lat' dir='ltr'><strong>Phidonem</strong></span> <span class='ocrx_word' id='word_1_105' title='bbox 387 884 574 927; x_wconf 85' lang='lat' dir='ltr'><strong>tantum,</strong></span> <span class='ocrx_word' id='word_1_106' title='bbox 603 875 676 915; x_wconf 82' lang='lat' dir='ltr'><strong>sed</strong></span> <span class='ocrx_word' id='word_1_107' title='bbox 707 886 749 916; x_wconf 89' lang='lat' dir='ltr'><strong>et</strong></span> <span class='ocrx_word' id='word_1_108' title='bbox 778 891 989 917; x_wconf 86' lang='lat' dir='ltr'><strong>mensuras</strong></span> <span class='ocrx_word' id='word_1_109' title='bbox 1010 889 1134 933; x_wconf 85' lang='lat' dir='ltr'><strong>atque</strong></span> <span class='ocrx_word' id='word_1_110' title='bbox 1153 879 1339 931; x_wconf 75' lang='lat' dir='ltr'><strong>pondera</strong></span> <span class='ocrx_word' id='word_1_111' title='bbox 1363 882 1565 935; x_wconf 79' lang='lat' dir='ltr'><strong>reperisse</strong></span> 
     </span>
     <span class='ocr_line' id='line_1_15' title="bbox 137 931 1562 991; baseline 0.008 -24"><span class='ocrx_word' id='word_1_112' title='bbox 137 933 276 984; x_wconf 88' lang='lat' dir='ltr'><strong>plures</strong></span> <span class='ocrx_word' id='word_1_113' title='bbox 317 941 417 969; x_wconf 90' lang='lat' dir='ltr'><strong>sunt</strong></span> <span class='ocrx_word' id='word_1_114' title='bbox 454 931 529 983; x_wconf 89' lang='lat' dir='ltr'><strong>qui</strong></span> <span class='ocrx_word' id='word_1_115' title='bbox 562 940 787 975; x_wconf 77' lang='lat' dir='ltr'><strong>testantur:</strong></span> <span class='ocrx_word' id='word_1_116' title='bbox 836 935 1008 973; x_wconf 69' lang='lat' dir='ltr'><strong>Plinius</strong></span> <span class='ocrx_word' id='word_1_117' title='bbox 1052 934 1106 975; x_wconf 87' lang='lat' dir='ltr'><strong>H.</strong></span> <span class='ocrx_word' id='word_1_118' title='bbox 1136 935 1191 976; x_wconf 86' lang='lat' dir='ltr'><strong>N.</strong></span> <span class='ocrx_word' id='word_1_119' title='bbox 1217 935 1313 976; x_wconf 84' lang='lat' dir='ltr'>libr.</span> <span class='ocrx_word' id='word_1_120' title='bbox 1341 937 1442 982; x_wconf 85' lang='lat' dir='ltr'><strong>VII.</strong></span> <span class='ocrx_word' id='word_1_121' title='bbox 1471 952 1562 991; x_wconf 81' lang='lat' dir='ltr'><strong>cap.</strong></span> 
     </span>
     <span class='ocr_line' id='line_1_16' title="bbox 135 986 1564 1045; baseline 0.006 -22"><span class='ocrx_word' id='word_1_122' title='bbox 135 986 203 1027; x_wconf 85' lang='lat'><strong>56.</strong></span> <span class='ocrx_word' id='word_1_123' title='bbox 260 989 482 1024; x_wconf 59' lang='lat' dir='ltr'><strong>Mensurae</strong></span> <span class='ocrx_word' id='word_1_124' title='bbox 518 994 556 1024; x_wconf 77' lang='lat' dir='ltr'><strong>et</strong></span> <span class='ocrx_word' id='word_1_125' title='bbox 574 987 757 1039; x_wconf 81' lang='lat' dir='ltr'><strong>pondera</strong></span> <span class='ocrx_word' id='word_1_126' title='bbox 787 989 960 1027; x_wconf 74' lang='lat' dir='ltr'><strong>Phidon</strong></span> <span class='ocrx_word' id='word_1_127' title='bbox 993 991 1198 1045; x_wconf 77' lang='lat' dir='ltr'><strong>Argivus:</strong></span> <span class='ocrx_word' id='word_1_128' title='bbox 1241 994 1432 1045; x_wconf 76' lang='lat' dir='ltr'><strong>quamvis</strong></span> <span class='ocrx_word' id='word_1_129' title='bbox 1464 994 1564 1032; x_wconf 78' lang='lat' dir='ltr'><strong>Gee-</strong></span> 
     </span>
     <span class='ocr_line' id='line_1_17' title="bbox 135 1041 1563 1101; baseline 0.005 -20"><span class='ocrx_word' id='word_1_130' title='bbox 135 1044 239 1081; x_wconf 81' lang='lat' dir='ltr'><strong>lium</strong></span> <span class='ocrx_word' id='word_1_131' title='bbox 261 1041 312 1080; x_wconf 90' lang='lat' dir='ltr'><strong>ad</strong></span> <span class='ocrx_word' id='word_1_132' title='bbox 332 1042 596 1080; x_wconf 82' lang='lat' dir='ltr'><strong>Palamedem</strong></span> <span class='ocrx_word' id='word_1_133' title='bbox 614 1041 762 1082; x_wconf 88' lang='lat' dir='ltr'><strong>horum</strong></span> <span class='ocrx_word' id='word_1_134' title='bbox 786 1043 1076 1085; x_wconf 73' lang='lat' dir='ltr'><strong>inventIonem</strong></span> <span class='ocrx_word' id='word_1_135' title='bbox 1099 1046 1294 1086; x_wconf 85' lang='lat' dir='ltr'><strong>retulisse</strong></span> <span class='ocrx_word' id='word_1_136' title='bbox 1320 1049 1468 1101; x_wconf 86' lang='lat' dir='ltr'><strong>potius</strong></span> <span class='ocrx_word' id='word_1_137' title='bbox 1486 1048 1563 1088; x_wconf 84' lang='lat' dir='ltr'><strong>ad-</strong></span> 
     </span>
     <span class='ocr_line' id='line_1_18' title="bbox 136 1096 1560 1155; baseline 0.006 -19"><span class='ocrx_word' id='word_1_138' title='bbox 136 1097 231 1145; x_wconf 88' lang='lat' dir='ltr'><strong>dat,</strong></span> <span class='ocrx_word' id='word_1_139' title='bbox 264 1096 384 1136; x_wconf 86' lang='lat' dir='ltr'><strong>cuius</strong></span> <span class='ocrx_word' id='word_1_140' title='bbox 407 1096 613 1138; x_wconf 83' lang='lat' dir='ltr'><strong>accedunt</strong></span> <span class='ocrx_word' id='word_1_141' title='bbox 642 1099 843 1151; x_wconf 85' lang='lat' dir='ltr'><strong>opinioni</strong></span> <span class='ocrx_word' id='word_1_142' title='bbox 865 1102 1109 1141; x_wconf 75' lang='lat' dir='ltr'><em>Alcidamas</em></span> <span class='ocrx_word' id='word_1_143' title='bbox 1128 1112 1170 1142; x_wconf 87' lang='lat' dir='ltr'><strong>et</strong></span> <span class='ocrx_word' id='word_1_144' title='bbox 1192 1102 1376 1155; x_wconf 80' lang='lat' dir='ltr'><strong>Gorgias</strong></span> <span class='ocrx_word' id='word_1_145' title='bbox 1396 1103 1560 1144; x_wconf 82' lang='lat' dir='ltr'><strong>Rheto-</strong></span> 
     </span>
     <span class='ocr_line' id='line_1_19' title="bbox 134 1153 1561 1208; baseline 0.006 -16"><span class='ocrx_word' id='word_1_146' title='bbox 134 1167 222 1205; x_wconf 89' lang='lat' dir='ltr'><strong>res‚</strong></span> <span class='ocrx_word' id='word_1_147' title='bbox 252 1165 429 1208; x_wconf 86' lang='lat' dir='ltr'><strong>quorum</strong></span> <span class='ocrx_word' id='word_1_148' title='bbox 456 1153 528 1192; x_wconf 89' lang='lat' dir='ltr'><strong>hic</strong></span> <span class='ocrx_word' id='word_1_149' title='bbox 554 1167 630 1207; x_wconf 87' lang='lat' dir='ltr'><strong>pro</strong></span> <span class='ocrx_word' id='word_1_150' title='bbox 653 1156 887 1207; x_wconf 81' lang='lat' dir='ltr'><strong>Palamede,</strong></span> <span class='ocrx_word' id='word_1_151' title='bbox 914 1160 1019 1197; x_wconf 86' lang='lat' dir='ltr'><strong>alter</strong></span> <span class='ocrx_word' id='word_1_152' title='bbox 1042 1156 1384 1198; x_wconf 75' lang='lat' dir='ltr'><strong>declamationem</strong></span> <span class='ocrx_word' id='word_1_153' title='bbox 1410 1159 1561 1200; x_wconf 84' lang='lat' dir='ltr'><strong>adver-</strong></span> 
     </span>
     <span class='ocr_line' id='line_1_20' title="bbox 134 1208 1559 1261; baseline 0.005 -13"><span class='ocrx_word' id='word_1_154' title='bbox 134 1223 203 1248; x_wconf 87' lang='lat' dir='ltr'><strong>sus</strong></span> <span class='ocrx_word' id='word_1_155' title='bbox 232 1223 324 1249; x_wconf 89' lang='lat' dir='ltr'><strong>eum</strong></span> <span class='ocrx_word' id='word_1_156' title='bbox 352 1208 597 1261; x_wconf 47' lang='lat' dir='ltr'><strong>adparavit.*</strong></span> <span class='ocrx_word' id='word_1_157' title='bbox 642 1210 721 1250; x_wconf 86' lang='lat' dir='ltr'><strong>Sed</strong></span> <span class='ocrx_word' id='word_1_158' title='bbox 751 1221 794 1250; x_wconf 90' lang='lat' dir='ltr'><strong>et</strong></span> <span class='ocrx_word' id='word_1_159' title='bbox 817 1213 1052 1252; x_wconf 70' lang='lat' dir='ltr'><strong>Herodotus</strong></span> <span class='ocrx_word' id='word_1_160' title='bbox 1075 1213 1119 1252; x_wconf 89' lang='lat' dir='ltr'><strong>in</strong></span> <span class='ocrx_word' id='word_1_161' title='bbox 1141 1215 1327 1254; x_wconf 74' lang='lat' dir='ltr'><strong>Emeum</strong></span> <span class='ocrx_word' id='word_1_162' title='bbox 1347 1229 1559 1257; x_wconf 77' lang='lat' dir='ltr'><strong>mensuras</strong></span> 
     </span>
     <span class='ocr_line' id='line_1_21' title="bbox 133 1265 1559 1323; baseline 0.006 -20"><span class='ocrx_word' id='word_1_163' title='bbox 133 1266 330 1305; x_wconf 88' lang='lat' dir='ltr'><strong>inventas</strong></span> <span class='ocrx_word' id='word_1_164' title='bbox 358 1265 544 1303; x_wconf 74' lang='lat' dir='ltr'><strong>Plu‘doni</strong></span> <span class='ocrx_word' id='word_1_165' title='bbox 566 1265 821 1318; x_wconf 83' lang='lat' dir='ltr'><strong>contribuit,</strong></span> <span class='ocrx_word' id='word_1_166' title='bbox 853 1268 974 1307; x_wconf 86' lang='lat' dir='ltr'><strong>cuius</strong></span> <span class='ocrx_word' id='word_1_167' title='bbox 996 1268 1078 1308; x_wconf 88' lang='lat' dir='ltr'><strong>tibi</strong></span> <span class='ocrx_word' id='word_1_168' title='bbox 1099 1269 1247 1319; x_wconf 87' lang='lat' dir='ltr'><strong>verba,</strong></span> <span class='ocrx_word' id='word_1_169' title='bbox 1280 1270 1395 1323; x_wconf 86' lang='lat' dir='ltr'><strong>quod</strong></span> <span class='ocrx_word' id='word_1_170' title='bbox 1414 1280 1456 1312; x_wconf 86' lang='lat' dir='ltr'><strong>et</strong></span> <span class='ocrx_word' id='word_1_171' title='bbox 1476 1272 1559 1311; x_wconf 86' lang='lat' dir='ltr'><strong>alia</strong></span> 
     </span>
     <span class='ocr_line' id='line_1_22' title="bbox 133 1319 1554 1382; baseline 0.005 -23"><span class='ocrx_word' id='word_1_172' title='bbox 133 1320 381 1360; x_wconf 85' lang='lat' dir='ltr'><strong>contineant</strong></span> <span class='ocrx_word' id='word_1_173' title='bbox 413 1319 464 1360; x_wconf 89' lang='lat' dir='ltr'><strong>de</strong></span> <span class='ocrx_word' id='word_1_174' title='bbox 500 1320 583 1360; x_wconf 85' lang='lat' dir='ltr'><strong>hoc</strong></span> <span class='ocrx_word' id='word_1_175' title='bbox 621 1321 873 1375; x_wconf 82' lang='lat' dir='ltr'><strong>Argivorum</strong></span> <span class='ocrx_word' id='word_1_176' title='bbox 908 1337 1006 1379; x_wconf 84' lang='lat' dir='ltr'><strong>rege</strong></span> <span class='ocrx_word' id='word_1_177' title='bbox 1028 1324 1139 1363; x_wconf 77' lang='lat' dir='ltr'><strong>scitu</strong></span> <span class='ocrx_word' id='word_1_178' title='bbox 1169 1339 1254 1364; x_wconf 86' lang='lat' dir='ltr'><strong>non</strong></span> <span class='ocrx_word' id='word_1_179' title='bbox 1283 1325 1483 1382; x_wconf 86' lang='lat' dir='ltr'><strong>indigua,</strong></span> <span class='ocrx_word' id='word_1_180' title='bbox 1511 1328 1554 1365; x_wconf 85' lang='lat' dir='ltr'><strong>in</strong></span> 
     </span>
     <span class='ocr_line' id='line_1_23' title="bbox 130 1375 1559 1434; baseline 0.006 -18"><span class='ocrx_word' id='word_1_181' title='bbox 130 1375 314 1416; x_wconf 88' lang='lat' dir='ltr'><strong>medium</strong></span> <span class='ocrx_word' id='word_1_182' title='bbox 332 1390 516 1429; x_wconf 88' lang='lat' dir='ltr'><strong>promam</strong></span> <span class='ocrx_word' id='word_1_183' title='bbox 528 1392 541 1416; x_wconf 93' lang='grc'><strong>.·</strong></span> <span class='ocrx_word' id='word_1_184' title='bbox 573 1380 773 1426; x_wconf 75' lang='grc' dir='ltr'><em>Φείδωνος</em></span> <span class='ocrx_word' id='word_1_185' title='bbox 797 1381 840 1420; x_wconf 76' lang='grc' dir='ltr'><strong>δὲ</strong></span> <span class='ocrx_word' id='word_1_186' title='bbox 861 1380 931 1422; x_wconf 80' lang='grc' dir='ltr'><strong>τοῦ</strong></span> <span class='ocrx_word' id='word_1_187' title='bbox 946 1378 999 1422; x_wconf 66' lang='grc' dir='ltr'><strong>ἰα’</strong></span> <span class='ocrx_word' id='word_1_188' title='bbox 1017 1379 1144 1434; x_wconf 77' lang='grc' dir='ltr'><strong>μείρα</strong></span> <span class='ocrx_word' id='word_1_189' title='bbox 1160 1377 1403 1431; x_wconf 69' lang='grc' dir='ltr'><em>ποιήσαντος</em></span> <span class='ocrx_word' id='word_1_190' title='bbox 1420 1386 1559 1425; x_wconf 76' lang='grc' dir='ltr'><strong><em>Πελο-</em></strong></span> 
     </span>
     <span class='ocr_line' id='line_1_24' title="bbox 129 1430 1558 1490; baseline 0.004 -16"><span class='ocrx_word' id='word_1_191' title='bbox 129 1434 395 1482; x_wconf 73' lang='grc' dir='ltr'><strong><em>ποννησίοισι,</em></strong></span> <span class='ocrx_word' id='word_1_192' title='bbox 426 1435 495 1474; x_wconf 77' lang='grc' dir='ltr'><strong>καὶ</strong></span> <span class='ocrx_word' id='word_1_193' title='bbox 518 1430 762 1485; x_wconf 75' lang='grc' dir='ltr'><em>ὑβρίσαντος</em></span> <span class='ocrx_word' id='word_1_194' title='bbox 787 1435 955 1488; x_wconf 62' lang='grc' dir='ltr'><strong><em>μέγιστα</em></strong></span> <span class='ocrx_word' id='word_1_195' title='bbox 982 1433 1036 1490; x_wconf 75' lang='grc' dir='ltr'><strong>δή</strong></span> <span class='ocrx_word' id='word_1_196' title='bbox 1063 1435 1264 1487; x_wconf 78' lang='grc' dir='ltr'><em>Ἑλλήνων</em></span> <span class='ocrx_word' id='word_1_197' title='bbox 1282 1437 1486 1489; x_wconf 73' lang='grc' dir='ltr'><strong>ἁπάντων,</strong></span> <span class='ocrx_word' id='word_1_198' title='bbox 1515 1437 1558 1488; x_wconf 74' lang='grc' dir='ltr'><strong>ὃς</strong></span> 
     </span>
     <span class='ocr_line' id='line_1_25' title="bbox 129 1482 1558 1550; baseline 0.005 -20"><span class='ocrx_word' id='word_1_199' title='bbox 129 1482 398 1540; x_wconf 70' lang='grc' dir='ltr'><em>ἐξαναστήσας</em></span> <span class='ocrx_word' id='word_1_200' title='bbox 420 1486 698 1538; x_wconf 73' lang='grc' dir='ltr'><em>τούς.Ἠλει’ων</em></span> <span class='ocrx_word' id='word_1_201' title='bbox 722 1487 1001 1543; x_wconf 67' lang='grc' dir='ltr'><em>ἀγωνοθέτας,</em></span> <span class='ocrx_word' id='word_1_202' title='bbox 1031 1486 1152 1542; x_wconf 61' lang='lat' dir='ltr'><strong>mizdo</strong></span> <span class='ocrx_word' id='word_1_203' title='bbox 1165 1496 1207 1536; x_wconf 69' lang='grc' dir='ltr'><strong>ἐν</strong></span> <span class='ocrx_word' id='word_1_204' title='bbox 1226 1490 1428 1550; x_wconf 73' lang='grc' dir='ltr'><strong><em>Ὀλυμπίῃ</em></strong></span> <span class='ocrx_word' id='word_1_205' title='bbox 1443 1493 1558 1547; x_wconf 66' lang='lat' dir='ltr'><strong>‹iyni-</strong></span> 
     </span>
     <span class='ocr_line' id='line_1_26' title="bbox 128 1544 1558 1604; baseline 0.003 -18"><span class='ocrx_word' id='word_1_206' title='bbox 128 1562 177 1586; x_wconf 71' lang='grc' dir='ltr'><strong>να</strong></span> <span class='ocrx_word' id='word_1_207' title='bbox 204 1544 375 1594; x_wconf 79' lang='grc' dir='ltr'><em>ἔθηκεν·</em></span> <span class='ocrx_word' id='word_1_208' title='bbox 405 1558 429 1582; x_wconf 82' lang='lat' dir='ltr'><strong>a</strong></span> <span class='ocrx_word' id='word_1_209' title='bbox 459 1544 611 1600; x_wconf 90' lang='lat' dir='ltr'><strong>quibus</strong></span> <span class='ocrx_word' id='word_1_210' title='bbox 640 1545 751 1584; x_wconf 88' lang='lat' dir='ltr'><strong>haud</strong></span> <span class='ocrx_word' id='word_1_211' title='bbox 773 1560 916 1598; x_wconf 89' lang='lat' dir='ltr'><strong>parum</strong></span> <span class='ocrx_word' id='word_1_212' title='bbox 935 1547 1098 1588; x_wconf 79' lang='lat' dir='ltr'><strong>diversa</strong></span> <span class='ocrx_word' id='word_1_213' title='bbox 1124 1548 1175 1589; x_wconf 85' lang='lat' dir='ltr'><strong>de</strong></span> <span class='ocrx_word' id='word_1_214' title='bbox 1194 1563 1311 1591; x_wconf 74' lang='lat' dir='ltr'><strong>sacro</strong></span> <span class='ocrx_word' id='word_1_215' title='bbox 1331 1551 1558 1604; x_wconf 79' lang='lat' dir='ltr'><strong>Olympia-</strong></span> 
     </span>
     <span class='ocr_line' id='line_1_27' title="bbox 130 1601 1556 1660; baseline 0.005 -21"><span class='ocrx_word' id='word_1_216' title='bbox 130 1601 229 1639; x_wconf 88' lang='lat' dir='ltr'><strong>dum</strong></span> <span class='ocrx_word' id='word_1_217' title='bbox 248 1601 473 1640; x_wconf 86' lang='lat' dir='ltr'><strong>certamine</strong></span> <span class='ocrx_word' id='word_1_218' title='bbox 502 1611 641 1640; x_wconf 78' lang='lat' dir='ltr'><strong>narrat</strong></span> <span class='ocrx_word' id='word_1_219' title='bbox 660 1602 895 1643; x_wconf 69' lang='lat' dir='ltr'><strong>Pausanias</strong></span> <span class='ocrx_word' id='word_1_220' title='bbox 913 1603 989 1645; x_wconf 89' lang='lat' dir='ltr'><strong>lib.</strong></span> <span class='ocrx_word' id='word_1_221' title='bbox 1019 1604 1094 1646; x_wconf 89' lang='lat' dir='ltr'><strong>VI.</strong></span> <span class='ocrx_word' id='word_1_222' title='bbox 1122 1619 1156 1647; x_wconf 79' lang='grc' dir='ltr'><strong>ο.</strong></span> <span class='ocrx_word' id='word_1_223' title='bbox 1187 1617 1252 1646; x_wconf 81' lang='lat'><strong>22.</strong></span> <span class='ocrx_word' id='word_1_224' title='bbox 1283 1620 1407 1660; x_wconf 87' lang='lat' dir='ltr'><strong>quem</strong></span> <span class='ocrx_word' id='word_1_225' title='bbox 1436 1620 1556 1646; x_wconf 83' lang='lat' dir='ltr'><strong>com-</strong></span> 
     </span>
     <span class='ocr_line' id='line_1_28' title="bbox 127 1655 1554 1710; baseline 0.005 -16"><span class='ocrx_word' id='word_1_226' title='bbox 127 1669 288 1710; x_wconf 87' lang='lat' dir='ltr'><strong>ponere</strong></span> <span class='ocrx_word' id='word_1_227' title='bbox 320 1655 455 1708; x_wconf 87' lang='lat' dir='ltr'><strong>possis</strong></span> <span class='ocrx_word' id='word_1_228' title='bbox 483 1671 576 1695; x_wconf 88' lang='lat' dir='ltr'><strong>cum</strong></span> <span class='ocrx_word' id='word_1_229' title='bbox 608 1658 838 1709; x_wconf 82' lang='lat' dir='ltr'><strong>Herodoto,</strong></span> <span class='ocrx_word' id='word_1_230' title='bbox 870 1657 907 1699; x_wconf 88' lang='lat' dir='ltr'><strong>si</strong></span> <span class='ocrx_word' id='word_1_231' title='bbox 931 1659 1111 1699; x_wconf 81' lang='lat' dir='ltr'><strong>forsitan</strong></span> <span class='ocrx_word' id='word_1_232' title='bbox 1135 1660 1264 1700; x_wconf 81' lang='lat' dir='ltr'><strong>huius</strong></span> <span class='ocrx_word' id='word_1_233' title='bbox 1290 1661 1370 1701; x_wconf 81' lang='lat' dir='ltr'><strong>tibi</strong></span> <span class='ocrx_word' id='word_1_234' title='bbox 1390 1662 1554 1704; x_wconf 85' lang='lat' dir='ltr'><strong>veriora</strong></span> 
     </span>
     <span class='ocr_line' id='line_1_29' title="bbox 128 1711 1554 1770; baseline 0.003 -18"><span class='ocrx_word' id='word_1_235' title='bbox 128 1711 376 1760; x_wconf 80' lang='lat' dir='ltr'><strong>videantur3</strong></span> <span class='ocrx_word' id='word_1_236' title='bbox 402 1711 525 1751; x_wconf 88' lang='lat' dir='ltr'><strong>nobis</strong></span> <span class='ocrx_word' id='word_1_237' title='bbox 545 1713 657 1752; x_wconf 89' lang='lat' dir='ltr'><strong>enim</strong></span> <span class='ocrx_word' id='word_1_238' title='bbox 678 1712 722 1751; x_wconf 91' lang='lat' dir='ltr'><strong>in</strong></span> <span class='ocrx_word' id='word_1_239' title='bbox 743 1712 860 1755; x_wconf 86' lang='lat' dir='ltr'><strong>hisce</strong></span> <span class='ocrx_word' id='word_1_240' title='bbox 881 1728 1018 1769; x_wconf 83' lang='lat' dir='ltr'><strong>neque</strong></span> <span class='ocrx_word' id='word_1_241' title='bbox 1040 1717 1196 1756; x_wconf 87' lang='lat' dir='ltr'><strong>morari</strong></span> <span class='ocrx_word' id='word_1_242' title='bbox 1228 1717 1366 1770; x_wconf 77' lang='lat' dir='ltr'><strong>lubet,</strong></span> <span class='ocrx_word' id='word_1_243' title='bbox 1398 1732 1477 1758; x_wconf 85' lang='lat' dir='ltr'><strong>uec</strong></span> <span class='ocrx_word' id='word_1_244' title='bbox 1498 1718 1554 1757; x_wconf 88' lang='lat' dir='ltr'><strong>li-</strong></span> 
     </span>
     <span class='ocr_line' id='line_1_30' title="bbox 129 1767 1553 1828; baseline 0.005 -21"><span class='ocrx_word' id='word_1_245' title='bbox 129 1778 207 1810; x_wconf 87' lang='lat' dir='ltr'><strong>cet.</strong></span> <span class='ocrx_word' id='word_1_246' title='bbox 264 1767 409 1806; x_wconf 83' lang='lat' dir='ltr'><strong>Dictis</strong></span> <span class='ocrx_word' id='word_1_247' title='bbox 443 1768 686 1808; x_wconf 87' lang='lat' dir='ltr'><strong>auctoribus</strong></span> <span class='ocrx_word' id='word_1_248' title='bbox 719 1769 954 1822; x_wconf 83' lang='lat' dir='ltr'><strong>Syncellum</strong></span> <span class='ocrx_word' id='word_1_249' title='bbox 974 1771 1354 1828; x_wconf 83' lang='lat' dir='ltr'><strong>Chronographum</strong></span> <span class='ocrx_word' id='word_1_250' title='bbox 1380 1773 1553 1827; x_wconf 71' lang='lat' dir='ltr'><strong>adiicio,</strong></span> 
     </span>
     <span class='ocr_line' id='line_1_31' title="bbox 127 1823 1554 1884; baseline 0.008 -22"><span class='ocrx_word' id='word_1_251' title='bbox 127 1824 200 1878; x_wconf 87' lang='lat' dir='ltr'><strong>qui</strong></span> <span class='ocrx_word' id='word_1_252' title='bbox 220 1823 243 1862; x_wconf 87' lang='lat' dir='ltr'><strong>d</strong></span> <span class='ocrx_word' id='word_1_253' title='bbox 251 1837 272 1862; x_wconf 86' lang='lat' dir='ltr'><strong>e</strong></span> <span class='ocrx_word' id='word_1_254' title='bbox 290 1823 480 1862; x_wconf 72' lang='lat' dir='ltr'><strong>Plzidone</strong></span> <span class='ocrx_word' id='word_1_255' title='bbox 506 1824 589 1865; x_wconf 82' lang='lat' dir='ltr'><strong>ita:</strong></span> <span class='ocrx_word' id='word_1_256' title='bbox 620 1826 776 1867; x_wconf 74' lang='grc' dir='ltr'><em>Φείδων</em></span> <span class='ocrx_word' id='word_1_257' title='bbox 797 1826 970 1882; x_wconf 74' lang='grc' dir='ltr'><em>”Αργους</em></span> <span class='ocrx_word' id='word_1_258' title='bbox 993 1829 1148 1880; x_wconf 70' lang='grc' dir='ltr'><strong><em>κρατῶν</em></strong></span> <span class='ocrx_word' id='word_1_259' title='bbox 1177 1826 1347 1882; x_wconf 57' lang='lat' dir='ltr'><strong>‘fode-⁰⁸4·</strong></span> <span class='ocrx_word' id='word_1_260' title='bbox 1366 1827 1554 1884; x_wconf 70' lang='grc' dir='ltr'><strong><em>Καράνου</em></strong></span> 
     </span>
     <span class='ocr_line' id='line_1_32' title="bbox 123 1878 1554 1942; baseline 0.004 -20"><span class='ocrx_word' id='word_1_261' title='bbox 123 1881 196 1925; x_wconf 80' lang='grc' dir='ltr'><strong>τοῦ</strong></span> <span class='ocrx_word' id='word_1_262' title='bbox 213 1887 241 1920; x_wconf 81' lang='grc' dir='ltr'>ἆ</span> <span class='ocrx_word' id='word_1_263' title='bbox 256 1879 452 1932; x_wconf 72' lang='grc' dir='ltr'><em>βασιλέως</em></span> <span class='ocrx_word' id='word_1_264' title='bbox 481 1879 730 1923; x_wconf 74' lang='grc' dir='ltr'><em>Μακεδόνων</em></span> <span class='ocrx_word' id='word_1_265' title='bbox 755 1882 875 1935; x_wconf 68' lang='grc' dir='ltr'><em>μέτρα</em></span> <span class='ocrx_word' id='word_1_266' title='bbox 900 1887 968 1926; x_wconf 70' lang='lat' dir='ltr'><strong>xa?</strong></span> <span class='ocrx_word' id='word_1_267' title='bbox 988 1878 1171 1938; x_wconf 74' lang='grc' dir='ltr'><strong><em>στοῖθμια</em></strong></span> <span class='ocrx_word' id='word_1_268' title='bbox 1192 1886 1348 1939; x_wconf 74' lang='grc' dir='ltr'><em>πρῶτος</em></span> <span class='ocrx_word' id='word_1_269' title='bbox 1372 1886 1554 1942; x_wconf 57' lang='lat' dir='ltr'><strong>{weilos-r,</strong></span> 
     </span>
     <span class='ocr_line' id='line_1_33' title="bbox 124 1933 1549 1995; baseline 0.001 -17"><span class='ocrx_word' id='word_1_270' title='bbox 124 1937 182 1986; x_wconf 67' lang='grc' dir='ltr'><strong>οἷς</strong></span> <span class='ocrx_word' id='word_1_271' title='bbox 207 1937 306 1983; x_wconf 75' lang='grc' dir='ltr'><em>τινές</em></span> <span class='ocrx_word' id='word_1_272' title='bbox 322 1949 331 1959; x_wconf 93' lang='grc'><strong><em>·</em></strong></span> <span class='ocrx_word' id='word_1_273' title='bbox 360 1933 466 1988; x_wconf 77' lang='grc' dir='ltr'><em>ἦσαν</em></span> <span class='ocrx_word' id='word_1_274' title='bbox 500 1940 543 1978; x_wconf 82' lang='grc' dir='ltr'><strong>δὲ</strong></span> <span class='ocrx_word' id='word_1_275' title='bbox 567 1937 635 1979; x_wconf 83' lang='grc' dir='ltr'><strong>καὶ</strong></span> <span class='ocrx_word' id='word_1_276' title='bbox 659 1935 740 1987; x_wconf 79' lang='grc' dir='ltr'><strong>πρό</strong></span> <span class='ocrx_word' id='word_1_277' title='bbox 769 1938 932 1982; x_wconf 74' lang='grc' dir='ltr'><em>τούτου·</em></span> <span class='ocrx_word' id='word_1_278' title='bbox 972 1941 1042 1979; x_wconf 84' lang='lat' dir='ltr'><strong>cui</strong></span> <span class='ocrx_word' id='word_1_279' title='bbox 1069 1950 1112 1980; x_wconf 85' lang='lat' dir='ltr'><strong>et</strong></span> <span class='ocrx_word' id='word_1_280' title='bbox 1137 1942 1211 1980; x_wconf 85' lang='lat' dir='ltr'><strong>alii</strong></span> <span class='ocrx_word' id='word_1_281' title='bbox 1238 1951 1470 1995; x_wconf 85' lang='lat' dir='ltr'><strong>temporum</strong></span> <span class='ocrx_word' id='word_1_282' title='bbox 1494 1956 1549 1982; x_wconf 86' lang='lat' dir='ltr'><strong>ex</strong></span> 
     </span>
     <span class='ocr_line' id='line_1_34' title="bbox 122 1991 1552 2038; baseline 0.003 -7"><span class='ocrx_word' id='word_1_283' title='bbox 122 1991 432 2031; x_wconf 80' lang='lat' dir='ltr'><strong>Ecclesiasticis</strong></span> <span class='ocrx_word' id='word_1_284' title='bbox 455 1995 701 2032; x_wconf 85' lang='lat' dir='ltr'><strong>collectores</strong></span> <span class='ocrx_word' id='word_1_285' title='bbox 733 1993 886 2035; x_wconf 86' lang='lat' dir='ltr'><strong>similia</strong></span> <span class='ocrx_word' id='word_1_286' title='bbox 904 1996 1107 2036; x_wconf 86' lang='lat' dir='ltr'><strong>scribunt.</strong></span> <span class='ocrx_word' id='word_1_287' title='bbox 1146 1998 1366 2038; x_wconf 75' lang='lat' dir='ltr'><strong>Eusebium</strong></span> <span class='ocrx_word' id='word_1_288' title='bbox 1387 1997 1485 2038; x_wconf 83' lang='lat' dir='ltr'><strong>vide</strong></span> <span class='ocrx_word' id='word_1_289' title='bbox 1511 2007 1552 2038; x_wconf 89' lang='lat' dir='ltr'><strong>et</strong></span> 
     </span>
     <span class='ocr_line' id='line_1_35' title="bbox 122 2047 1550 2104; baseline 0.004 -18"><span class='ocrx_word' id='word_1_290' title='bbox 122 2048 278 2087; x_wconf 80' lang='lat' dir='ltr'><strong>Incerti</strong></span> <span class='ocrx_word' id='word_1_291' title='bbox 303 2047 690 2100; x_wconf 77' lang='lat' dir='ltr'><strong>chronographiam.</strong></span> <span class='ocrx_word' id='word_1_292' title='bbox 734 2060 776 2088; x_wconf 87' lang='lat' dir='ltr'><strong>at</strong></span> <span class='ocrx_word' id='word_1_293' title='bbox 802 2051 915 2104; x_wconf 89' lang='lat' dir='ltr'><strong>quod</strong></span> <span class='ocrx_word' id='word_1_294' title='bbox 944 2062 986 2091; x_wconf 90' lang='lat' dir='ltr'><strong>et</strong></span> <span class='ocrx_word' id='word_1_295' title='bbox 1006 2061 1102 2092; x_wconf 81' lang='lat' dir='ltr'><strong>ante</strong></span> <span class='ocrx_word' id='word_1_296' title='bbox 1130 2053 1358 2093; x_wconf 77' lang='lat' dir='ltr'><strong>Phidonem</strong></span> <span class='ocrx_word' id='word_1_297' title='bbox 1382 2068 1550 2094; x_wconf 79' lang='lat' dir='ltr'><strong>mensu·</strong></span> 
     </span>
     <span class='ocr_line' id='line_1_36' title="bbox 124 2103 1549 2160; baseline 0.004 -18"><span class='ocrx_word' id='word_1_298' title='bbox 124 2118 188 2143; x_wconf 83' lang='lat' dir='ltr'><strong>ras</strong></span> <span class='ocrx_word' id='word_1_299' title='bbox 209 2114 331 2158; x_wconf 88' lang='lat' dir='ltr'><strong>atque</strong></span> <span class='ocrx_word' id='word_1_300' title='bbox 351 2103 538 2157; x_wconf 84' lang='lat' dir='ltr'><strong>pondera</strong></span> <span class='ocrx_word' id='word_1_301' title='bbox 560 2103 673 2144; x_wconf 81' lang='lat' dir='ltr'><strong>dicat</strong></span> <span class='ocrx_word' id='word_1_302' title='bbox 690 2106 882 2147; x_wconf 87' lang='lat' dir='ltr'><strong>extitisse</strong></span> <span class='ocrx_word' id='word_1_303' title='bbox 907 2109 1129 2160; x_wconf 74' lang='lat' dir='ltr'><strong>Symdlus,</strong></span> <span class='ocrx_word' id='word_1_304' title='bbox 1154 2122 1242 2148; x_wconf 82' lang='lat' dir='ltr'><strong>non</strong></span> <span class='ocrx_word' id='word_1_305' title='bbox 1261 2119 1323 2150; x_wconf 87' lang='lat' dir='ltr'><strong>est</strong></span> <span class='ocrx_word' id='word_1_306' title='bbox 1342 2109 1549 2150; x_wconf 80' lang='lat' dir='ltr'><strong>sine-cau-</strong></span> 
     </span>
     <span class='ocr_line' id='line_1_37' title="bbox 124 2158 1551 2216; baseline 0.005 -18"><span class='ocrx_word' id='word_1_307' title='bbox 124 2175 166 2199; x_wconf 87' lang='lat' dir='ltr'><strong>sa</strong></span> <span class='ocrx_word' id='word_1_308' title='bbox 198 2163 335 2199; x_wconf 86' lang='lat' dir='ltr'><strong>ullave</strong></span> <span class='ocrx_word' id='word_1_309' title='bbox 369 2158 528 2199; x_wconf 85' lang='lat' dir='ltr'><strong>dictum</strong></span> <span class='ocrx_word' id='word_1_310' title='bbox 552 2160 731 2204; x_wconf 84' lang='lat' dir='ltr'><strong>ratione.</strong></span> <span class='ocrx_word' id='word_1_311' title='bbox 782 2163 944 2203; x_wconf 83' lang='lat' dir='ltr'><strong>scilicet</strong></span> <span class='ocrx_word' id='word_1_312' title='bbox 973 2163 1048 2216; x_wconf 89' lang='lat' dir='ltr'><strong>qui</strong></span> <span class='ocrx_word' id='word_1_313' title='bbox 1077 2179 1128 2203; x_wconf 85' lang='lat' dir='ltr'><strong>ex</strong></span> <span class='ocrx_word' id='word_1_314' title='bbox 1156 2165 1551 2211; x_wconf 58' lang='lat' dir='ltr'><strong>Christianistem-</strong></span> 
     </span>
     <span class='ocr_line' id='line_1_38' title="bbox 122 2214 1548 2274; baseline 0.004 -19"><span class='ocrx_word' id='word_1_315' title='bbox 122 2230 269 2268; x_wconf 86' lang='lat' dir='ltr'><strong>porum</strong></span> <span class='ocrx_word' id='word_1_316' title='bbox 304 2214 512 2255; x_wconf 85' lang='lat' dir='ltr'><strong>tradidere</strong></span> <span class='ocrx_word' id='word_1_317' title='bbox 537 2216 719 2257; x_wconf 81' lang='lat' dir='ltr'><strong>rationes</strong></span> <span class='ocrx_word' id='word_1_318' title='bbox 735 2248 748 2267; x_wconf 92' lang='lat'><em>,</em></span> <span class='ocrx_word' id='word_1_319' title='bbox 781 2219 956 2257; x_wconf 70' lang='lat' dir='ltr'><strong>Cai‘num</strong></span> <span class='ocrx_word' id='word_1_320' title='bbox 975 2219 1204 2272; x_wconf 86' lang='lat' dir='ltr'><strong>ponderum</strong></span> <span class='ocrx_word' id='word_1_321' title='bbox 1233 2230 1361 2274; x_wconf 87' lang='lat' dir='ltr'><strong>atque</strong></span> <span class='ocrx_word' id='word_1_322' title='bbox 1378 2235 1548 2261; x_wconf 84' lang='lat' dir='ltr'><strong>mensu-</strong></span> 
     </span>
     <span class='ocr_line' id='line_1_39' title="bbox 122 2275 1547 2329; baseline 0.003 -19"><span class='ocrx_word' id='word_1_323' title='bbox 122 2285 257 2311; x_wconf 88' lang='lat' dir='ltr'><strong>rarum</strong></span> <span class='ocrx_word' id='word_1_324' title='bbox 275 2280 486 2312; x_wconf 90' lang='lat' dir='ltr'><strong>auctorem</strong></span> <span class='ocrx_word' id='word_1_325' title='bbox 508 2281 722 2315; x_wconf 80' lang='lat' dir='ltr'><strong>statuunt:</strong></span> <span class='ocrx_word' id='word_1_326' title='bbox 753 2288 846 2312; x_wconf 89' lang='lat' dir='ltr'><strong>cum</strong></span> <span class='ocrx_word' id='word_1_327' title='bbox 868 2275 963 2313; x_wconf 82' lang='lat' dir='ltr'><strong>aliis</strong></span> <span class='ocrx_word' id='word_1_328' title='bbox 981 2275 1162 2328; x_wconf 86' lang='lat' dir='ltr'><strong>scriptor</strong></span> <span class='ocrx_word' id='word_1_329' title='bbox 1180 2278 1440 2329; x_wconf 77' lang='lat' dir='ltr'><strong>Anonymus,</strong></span> <span class='ocrx_word' id='word_1_330' title='bbox 1472 2276 1547 2329; x_wconf 82' lang='lat' dir='ltr'><strong>qui</strong></span> 
     </span>
     <span class='ocr_line' id='line_1_40' title="bbox 121 2326 1547 2386; baseline 0.006 -19"><span class='ocrx_word' id='word_1_331' title='bbox 121 2329 313 2367; x_wconf 83' lang='lat' dir='ltr'><strong>Malalae</strong></span> <span class='ocrx_word' id='word_1_332' title='bbox 331 2326 723 2383; x_wconf 84' lang='lat' dir='ltr'><strong>Chronographiam</strong></span> <span class='ocrx_word' id='word_1_333' title='bbox 742 2329 956 2382; x_wconf 87' lang='lat' dir='ltr'><strong>praecedit</strong></span> <span class='ocrx_word' id='word_1_334' title='bbox 968 2345 981 2370; x_wconf 89' lang='lat'><strong>:</strong></span> <span class='ocrx_word' id='word_1_335' title='bbox 1010 2331 1167 2384; x_wconf 75' lang='grc' dir='ltr'><em>πρῶτος</em></span> <span class='ocrx_word' id='word_1_336' title='bbox 1184 2333 1309 2386; x_wconf 72' lang='grc' dir='ltr'><em>μέτρα</em></span> <span class='ocrx_word' id='word_1_337' title='bbox 1328 2334 1396 2374; x_wconf 74' lang='grc' dir='ltr'><strong>καὶ</strong></span> <span class='ocrx_word' id='word_1_338' title='bbox 1414 2331 1547 2375; x_wconf 64' lang='lat' dir='ltr'><strong>ozai&amp;-</strong></span> 
     </span>
     <span class='ocr_line' id='line_1_41' title="bbox 120 2382 1549 2440; baseline 0.002 -16"><span class='ocrx_word' id='word_1_339' title='bbox 120 2402 193 2436; x_wconf 84' lang='grc' dir='ltr'><strong>μια</strong></span> <span class='ocrx_word' id='word_1_340' title='bbox 215 2388 282 2425; x_wconf 80' lang='grc' dir='ltr'><strong>καῖ</strong></span> <span class='ocrx_word' id='word_1_341' title='bbox 300 2384 371 2436; x_wconf 72' lang='grc' dir='ltr'><strong>γῆς</strong></span> <span class='ocrx_word' id='word_1_342' title='bbox 390 2383 508 2437; x_wconf 82' lang='grc' dir='ltr'><em>ὅρους</em></span> <span class='ocrx_word' id='word_1_343' title='bbox 528 2382 750 2434; x_wconf 71' lang='grc' dir='ltr'><strong><em>ἐπενόησεν.</em></strong></span> <span class='ocrx_word' id='word_1_344' title='bbox 807 2385 1004 2440; x_wconf 85' lang='lat' dir='ltr'><strong>Signatae</strong></span> <span class='ocrx_word' id='word_1_345' title='bbox 1022 2401 1120 2427; x_wconf 88' lang='lat' dir='ltr'><strong>vero</strong></span> <span class='ocrx_word' id='word_1_346' title='bbox 1138 2397 1331 2427; x_wconf 82' lang='lat' dir='ltr'><strong>monetae</strong></span> <span class='ocrx_word' id='word_1_347' title='bbox 1355 2387 1430 2440; x_wconf 88' lang='lat' dir='ltr'><strong>qui</strong></span> <span class='ocrx_word' id='word_1_348' title='bbox 1455 2388 1549 2440; x_wconf 85' lang='lat' dir='ltr'><strong>pri-</strong></span> 
     </span>
     <span class='ocr_line' id='line_1_42' title="bbox 123 2439 1546 2496; baseline 0.003 -19"><span class='ocrx_word' id='word_1_349' title='bbox 123 2455 226 2480; x_wconf 89' lang='lat' dir='ltr'><strong>mam</strong></span> <span class='ocrx_word' id='word_1_350' title='bbox 251 2440 430 2480; x_wconf 77' lang='lat' dir='ltr'><strong>Plzidom&#39;</strong></span> <span class='ocrx_word' id='word_1_351' title='bbox 455 2439 618 2479; x_wconf 80' lang='lat' dir='ltr'><strong>laudem</strong></span> <span class='ocrx_word' id='word_1_352' title='bbox 646 2439 859 2490; x_wconf 71' lang='lat' dir='ltr'><strong>adseram,</strong></span> <span class='ocrx_word' id='word_1_353' title='bbox 887 2451 986 2480; x_wconf 80' lang='lat' dir='ltr'><strong>sunt</strong></span> <span class='ocrx_word' id='word_1_354' title='bbox 1003 2444 1156 2494; x_wconf 87' lang='lat' dir='ltr'><strong>plures.</strong></span> <span class='ocrx_word' id='word_1_355' title='bbox 1191 2441 1427 2496; x_wconf 83' lang='lat' dir='ltr'><strong>gravissimi</strong></span> <span class='ocrx_word' id='word_1_356' title='bbox 1447 2445 1546 2484; x_wconf 86' lang='lat' dir='ltr'><strong>scri-</strong></span> 
     </span>
     <span class='ocr_line' id='line_1_43' title="bbox 122 2497 1547 2555; baseline 0.004 -20"><span class='ocrx_word' id='word_1_357' title='bbox 122 2497 280 2548; x_wconf 88' lang='lat' dir='ltr'><strong>ptoris,</strong></span> <span class='ocrx_word' id='word_1_358' title='bbox 309 2497 548 2536; x_wconf 76' lang='lat' dir='ltr'><strong>Strabonem</strong></span> <span class='ocrx_word' id='word_1_359' title='bbox 570 2497 682 2545; x_wconf 67' lang='lat' dir='ltr'><strong>dico,</strong></span> <span class='ocrx_word' id='word_1_360' title='bbox 712 2497 783 2536; x_wconf 87' lang='lat' dir='ltr'><strong>lib.</strong></span> <span class='ocrx_word' id='word_1_361' title='bbox 814 2497 934 2537; x_wconf 78' lang='lat' dir='ltr'><strong>VIII.</strong></span> <span class='ocrx_word' id='word_1_362' title='bbox 964 2500 1079 2536; x_wconf 89' lang='lat' dir='ltr'><strong>locus</strong></span> <span class='ocrx_word' id='word_1_363' title='bbox 1104 2498 1283 2552; x_wconf 84' lang='lat' dir='ltr'><strong>insignis</strong></span> <span class='ocrx_word' id='word_1_364' title='bbox 1309 2500 1353 2537; x_wconf 86' lang='lat' dir='ltr'><strong>in</strong></span> <span class='ocrx_word' id='word_1_365' title='bbox 1376 2503 1547 2555; x_wconf 83' lang='lat' dir='ltr'><strong>vulgum</strong></span> 
     </span>
     <span class='ocr_line' id='line_1_44' title="bbox 123 2552 1545 2610; baseline 0.006 -19"><span class='ocrx_word' id='word_1_366' title='bbox 123 2562 249 2593; x_wconf 82' lang='lat' dir='ltr'><strong>notus</strong></span> <span class='ocrx_word' id='word_1_367' title='bbox 279 2561 366 2599; x_wconf 87' lang='lat' dir='ltr'><strong>est,</strong></span> <span class='ocrx_word' id='word_1_368' title='bbox 398 2563 440 2593; x_wconf 81' lang='lat' dir='ltr'><strong>et</strong></span> <span class='ocrx_word' id='word_1_369' title='bbox 470 2552 521 2593; x_wconf 88' lang='lat' dir='ltr'><strong>ad</strong></span> <span class='ocrx_word' id='word_1_370' title='bbox 549 2568 643 2595; x_wconf 88' lang='lat' dir='ltr'><strong>eum</strong></span> <span class='ocrx_word' id='word_1_371' title='bbox 673 2553 854 2609; x_wconf 82' lang='lat' dir='ltr'><strong>inspice,</strong></span> <span class='ocrx_word' id='word_1_372' title='bbox 884 2568 990 2610; x_wconf 89' lang='lat' dir='ltr'><strong>quae</strong></span> <span class='ocrx_word' id='word_1_373' title='bbox 1018 2562 1163 2594; x_wconf 85' lang='lat' dir='ltr'><strong>notata</strong></span> <span class='ocrx_word' id='word_1_374' title='bbox 1190 2556 1545 2608; x_wconf 85' lang='lat' dir='ltr'><strong>praestantissimo</strong></span> 
     </span>
    </p>
   </div>
  </div>
 </body>
</html>
