1598 2964
167 72 274 113 1948
450 66 788 107 BENTLEII
818 67 1251 112 EPISTOLAEs

166 178 416 234 peliuntur?
472 178 636 231 Nempe
658 178 712 218 ob
731 179 860 218 funus
870 178 1036 233 egregie
1056 180 1212 219 factum
1227 191 1269 220 et
1279 186 1513 235 sepulcrum

168 249 322 289 magno
348 245 490 275 sumtu
521 244 771 274 extructum.
828 235 1047 287 Loquitur
1078 245 1215 275 autem
1237 237 1415 292 aliquis,
1441 238 1515 292 qui

169 295 325 331 multos
351 300 552 346 cognatos
570 288 788 340 habuerit,
826 289 949 329 bonis
967 290 1058 330 eius
1075 290 1311 342 inhiantes,
1342 302 1384 333 et
1405 308 1518 334 mor-

171 357 254 387 tem
274 346 364 386 eius
387 356 684 400 expectantes,·
713 360 818 399 quos
845 346 916 385 ille
935 359 979 385 se
1007 356 1308 398 occupaturum
1334 348 1518 389 minatur

172 413 214 442 et
235 403 327 443 fore
345 402 431 442 iuis
457 402 735 455 superstitem.
793 402 884 441 Imo
914 415 1018 440 vero
1046 401 1127 440 iam
1148 403 1296 441 melius
1318 403 1422 456 quid
1440 405 1518 444 ha-

171 458 267 510 beo,
298 458 413 512 quod
429 457 504 497 sub
525 459 682 496 calamo
700 456 826 496 modo
846 457 1046 496 nascitur.
1102 458 1257 524 Deleuas
1279 459 1401 498 velim
1415 460 1520 500 iuud

170 530 272 566 σφε,
304 525 344 553 et
369 529 461 554 cum
483 513 666 566 vulgatis
695 516 808 567 legas
831 512 939 555 οὗτοι
958 514 1004 554 δέ
1019 511 1254 565 μακαριοῦσ’
1273 515 1355 577 ξμὲ.
1409 515 1519 557 Sen-

172 570 305 610 tentia
337 580 474 609 autem
504 568 608 607 haec
646 568 829 609 videtur.
898 568 1004 608 Cum
1034 568 1243 608 laudasset
1274 567 1346 610 ille
1374 572 1518 610 nescio

172 626 267 680 quis
288 626 478 664 fortunas
501 633 620 673 suas,
652 633 739 662 tum
764 623 818 662 ob
838 624 947 673 alia,
976 633 1064 662 tum
1093 624 1146 665 ob
1170 624 1348 673 firmam,
1380 627 1517 677 credo,

171 680 482 731 valetudinem,
521 680 599 719 etsi
626 689 795 720 strenue
821 689 1113 731 nepotaretur;
1152 678 1264 718 hunc
1282 684 1383 721 alter
1401 683 1522 721 exci-

171 737 319 790 piens,
351 737 417 776 Ita
443 750 566 784 vero,
596 735 656 774 ait
667 736 913 799 εἰρωνικῶς,
941 744 1029 773 tum
1055 735 1247 774 fortunas
1264 746 1356 777 tuas
1376 738 1522 776 lauda·

174 793 262 838 bis,
292 807 386 831 cum
414 791 584 845 cognati
616 791 679 830 tui
702 800 744 830 te
765 805 868 830 mox
888 790 1105 843 sepelient.
1163 791 1278 838 Non,
1309 805 1410 842 non,
1427 794 1520 832 sub

172 847 315 902 iungit
339 848 425 897 ille,
444 846 654 900 Equidem
678 860 750 886 eos
772 860 914 885 omnes
933 860 1194 899 componam,
1214 856 1257 886 et
1277 850 1523 901 μακαριοῦσί

169 921 225 957 με
247 903 512 956 superstitem
530 911 572 942 et
587 916 745 942 sanum.
784 902 899 943 sect.
923 900 1014 942 151.
1045 905 1185 942 locum
1201 916 1254 942 ex
1282 903 1521 959 Tagenistis

169 959 232 1000 sic
250 963 435 1000 colloca:

385 1062 442 1070 —
459 1037 483 1080 ὅ
501 1037 542 1081 δὲ
559 1035 663 1081 λύων
683 1034 822 1080 κύστιν
839 1036 950 1079 vetar

383 1093 486 1150 Kq'ic’
503 1094 669 1148 ἐξαιρῶν
691 1089 784 1142 τούς
802 1089 1022 1147 δαρεικούς.
1050 1115 1107 1124 —-
1152 1112 1155 1115 ⁴

171 1172 284 1214 Sunt
296 1171 477 1212 membra
488 1167 631 1214 versus
651 1171 925 1226 anapaesfid,
952 1171 1247 1226 Aristophauei
1267 1169 1387 1212 dicti.
1417 1171 1523 1212 Cum

170 1226 338 1268 Kuhnii
367 1229 619 1269 versiculum
642 1228 714 1268 hic
733 1229 927 1282 lego‚vix
938 1242 1105 1280 possum
1127 1241 1324 1267 nauseam
1339 1242 1523 1281 compes-

171 1299 278 1325 cere.
336 1285 487 1336 Neque
508 1300 558 1326 eo
578 1285 726 1325 melior
742 1283 1114 1337 estIungermanni
1128 1282 1288 1322 iambus
1303 1284 1412 1323 sect.
1431 1283 1521 1325 154.

171 1340 218 1377 in
242 1341 430 1394 Lysippi
457 1341 651 1381 Bacchis.
710 1342 779 1378 Tu
813 1352 913 1379 vero
946 1341 1087 1377 locum
1117 1339 1178 1378 sic
1208 1339 1444 1389 constitue,
1472 1348 1522 1378 ut

169 1393 395 1435 membrum
417 1395 473 1434 eit
490 1394 749 1449 anapaestici
767 1393 1093 1447 Aristophanei=

383 1485 442 1494 —
460 1461 595 1512 αὐτοῖς
611 1459 746 1510 αὐλοῖς
763 1461 870 1515 ὁρμᾷ
889 1461 956 1503 καὶ
977 1463 1280 1517 γλωττοκομεῖῳ.

175 1530 357 1577 Tibicen,
388 1528 554 1582 inquit,
579 1531 708 1567 irruit
727 1543 813 1566 una
832 1542 928 1566 cum
947 1528 1064 1567 tibiis
1079 1537 1119 1568 et
1136 1530 1426 1596 glottae-omno,
1439 1528 1521 1572 Αὖ-

167 1588 248 1634 τυῑς·
271 1600 321 1625 eo
345 1598 468 1625 sensu
486 1584 636 1636 passim
660 1583 772 1636 apud
794 1583 962 1623 Atticos
985 1586 1182 1637 occurrit,
1200 1598 1275 1637 pro
1288 1601 1360 1626 συν
1372 1582 1519 1634 αὐτοῖς.

170 1641 286 1694 quod
321 1650 368 1680 tu
402 1640 563 1692 optime
593 1640 723 1682 nosti.
780 1638 893 1679 Ibid.
927 1639 1050 1677 metri
1080 1641 1189 1680 ratio
1215 1641 1316 1679 satis
1344 1641 1519 1701 indicat,

91 1705 157 1739 108
171 1708 253 1736 tam
285 1696 330 1734 in
362 1696 568 1735 TimocIIs
594 1698 718 1748 loco,
753 1709 876 1749 quam
900 1695 945 1733 in
974 1694 1228 1748 Apollodori
1246 1684 1522 1763 γλωττόιξομον

168 1751 391 1818 legendum
414 1765 518 1803 esse,
549 1766 634 1790 non
655 1753 979 1817 γλωτιοκομεῖον.
1035 1751 1155 1806 Lege
1183 1752 1347 1805 itaque:
1375 1768 1421 1794 ου
1444 1771 1522 1806 μην

167 1804 272 1850 ἄλλα
298 1810 364 1850 καὶ
387 1810 454 1850 ἐπὶ
474 1807 543 1850 τοῦ
566 1805 725 1862 ἀγγείου
742 1804 1014 1860 γλωττόκομον
1037 1815 1118 1846 etc.
1150 1816 1192 1846 et
1215 1806 1367 1848 deinde
1387 1823 1524 1848 mem-

167 1865 287 1902 hrum
328 1876 438 1914 pone
469 1865 625 1903 senarii
661 1887 717 1896 —
744 1866 813 1905 καὶ
847 1861 889 1904 τὸ
925 1859 1197 1916 γλωττᾶκομον
1241 1861 1520 1917 βαλανεῦεται.

167 1921 300 1959 Porro
325 1920 436 1959 Sect.
458 1918 549 1961 160.
589 1933 715 1959 sanus
732 1928 820 1959 erat
837 1918 1062 1973 Sophoclis
1077 1920 1212 1973 locus,
1241 1933 1376 1974 neque
1396 1921 1522 1960 soui-

169 1975 387 2016 citandus.

376 2051 540 2125 νῙ(ἕστρᾳ
561 2050 711 2108 σιδηρᾷ
725 2051 877 2108 πλευραὶ
894 2052 961 2096 καὶ
978 2049 1081 2096 nato?
1096 2049 1211 2108 ῥοῖχιν

376 2109 555 2152 ”Ηλ,αυνε
574 2113 706 2152 παίων
720 2132 776 2140 -

167 2190 381 2242 Agatabae
387 2202 491 2241 prae
503 2202 546 2226 se
555 2188 772 2239 hominem,
792 2188 1007 2226 verberam
1020 2202 1140 2239 super
1152 2189 1290 2227 latera
1299 2195 1338 2225 et
1353 2186 1518 2226 dorsum

166 2262 309 2300 κεστρᾳ
317 2244 476 2299 ferrea
525 2245 760 2312 Eleganter
776 2243 883 2282 illud
902 2241 1053 2298 namon
1076 2247 1144 2285 και
1160 2243 1263 2286 noeto?
1285 2241 1414 2297 ῥάχιν,
1435 2242 1516 2282 hoc

167 2311 230 2340 est
256 2300 356 2344 κατοέ
379 2298 535 2353 πλευραὶ
553 2301 619 2342 καὶ
639 2295 778 2353 ῥάχιν,
794 2303 930 2366 quale
956 2297 1265 2340 Anacreontis*
1264 2306 1315 2341 H
1331 2301 1472 2341 Νεῖλον
1492 2301 1519 2348 ἤ

164 2355 223 2399 ’m
246 2359 428 2412 Μέμφιν.
489 2356 681 2396 Ceterum
701 2373 800 2398 naza
823 2355 894 2395 hic
913 2356 1101 2394 ultimam
1121 2355 1320 2408 producit
1341 2355 1395 2394 ob
1415 2373 1460 2398 to
1480 2373 1505 2407 ρ

167 2427 358 2467 sequens.

279 2470 390 2510 Sect.
428 2468 519 2513 162.
555 2469 718 2517 Dolet,
748 2476 790 2507 te
812 2466 1052 2521 repudiasse
1072 2465 1406 2508 emendationem
1427 2479 1516 2506 cer-

164 2522 389 2565 tissimam:
