<?xml version="1.0" encoding="UTF-8"?>
<!DOCTYPE html PUBLIC "-//W3C//DTD XHTML 1.0 Transitional//EN"
    "http://www.w3.org/TR/xhtml1/DTD/xhtml1-transitional.dtd">
<html xmlns="http://www.w3.org/1999/xhtml" xml:lang="en" lang="en">
 <head>
  <title>
</title>
<meta http-equiv="Content-Type" content="text/html;charset=utf-8" />
  <meta name='ocr-system' content='tesseract 3.04.00' />
  <meta name='ocr-capabilities' content='ocr_page ocr_carea ocr_par ocr_line ocrx_word'/>
</head>
<body>
  <div class='ocr_page' id='page_1' title='image "./p2onomastic05polluoft_0742.png"; bbox 0 0 1690 2996; ppageno 0'>
   <div class='ocr_carea' id='block_1_1' title="bbox 168 98 977 142">
    <p class='ocr_par' dir='ltr' id='par_1_1' title="bbox 168 98 977 142">
     <span class='ocr_line' id='line_1_1' title="bbox 168 98 977 142; baseline -0.003 0"><span class='ocrx_word' id='word_1_1' title='bbox 168 102 277 142; x_wconf 71' lang='lat'><strong>1592.</strong></span> <span class='ocrx_word' id='word_1_2' title='bbox 799 98 851 136; x_wconf 87' lang='grc' dir='ltr'><strong><em>Χ.</em></strong></span> <span class='ocrx_word' id='word_1_3' title='bbox 911 101 977 140; x_wconf 82' lang='grc'><strong><em>96</em></strong></span> 
     </span>
    </p>
   </div>
   <div class='ocr_carea' id='block_1_2' title="bbox 158 208 1601 2606">
    <p class='ocr_par' dir='ltr' id='par_1_2' title="bbox 158 208 1601 2606">
     <span class='ocr_line' id='line_1_2' title="bbox 278 208 1598 279; baseline -0.001 -28"><span class='ocrx_word' id='word_1_4' title='bbox 278 210 320 251; x_wconf 77' lang='grc' dir='ltr'><strong><em>ἐν</em></strong></span> <span class='ocrx_word' id='word_1_5' title='bbox 350 208 392 250; x_wconf 80' lang='grc' dir='ltr'><strong><em>δὲ</em></strong></span> <span class='ocrx_word' id='word_1_6' title='bbox 423 214 509 258; x_wconf 87' lang='grc' dir='ltr'><strong><em>τοῖς</em></strong></span> <span class='ocrx_word' id='word_1_7' title='bbox 526 214 627 261; x_wconf 85' lang='grc' dir='ltr'><strong><em>Δημ.</em></strong></span> <span class='ocrx_word' id='word_1_8' title='bbox 648 209 867 263; x_wconf 75' lang='grc' dir='ltr'>πέπραται]</span> <span class='ocrx_word' id='word_1_9' title='bbox 899 208 945 249; x_wconf 91' lang='lat' dir='ltr'><strong><em>C.</em></strong></span> <span class='ocrx_word' id='word_1_10' title='bbox 965 211 1007 252; x_wconf 89' lang='grc' dir='ltr'><strong><em>Δ.</em></strong></span> <span class='ocrx_word' id='word_1_11' title='bbox 1028 213 1159 258; x_wconf 80' lang='grc' dir='ltr'><strong><em>τοῖςδ.</em></strong></span> <span class='ocrx_word' id='word_1_12' title='bbox 1181 211 1417 279; x_wconf 56' lang='grc' dir='ltr'><strong><em>γέγραπται;</em></strong></span> <span class='ocrx_word' id='word_1_13' title='bbox 1442 210 1508 252; x_wconf 74' lang='grc' dir='ltr'><strong><em>καὶ</em></strong></span> <span class='ocrx_word' id='word_1_14' title='bbox 1530 226 1598 264; x_wconf 74' lang='grc' dir='ltr'><strong><em>αρ·</em></strong></span> 
     </span>
     <span class='ocr_line' id='line_1_3' title="bbox 168 261 1601 320; baseline 0.002 -15"><span class='ocrx_word' id='word_1_15' title='bbox 168 283 268 319; x_wconf 79' lang='grc' dir='ltr'><strong><em>τημα</em></strong></span> <span class='ocrx_word' id='word_1_16' title='bbox 289 261 324 306; x_wconf 78' lang='grc' dir='ltr'><strong><em>ὁ.</em></strong></span> <span class='ocrx_word' id='word_1_17' title='bbox 356 265 405 305; x_wconf 90' lang='lat' dir='ltr'>C</span> <span class='ocrx_word' id='word_1_18' title='bbox 428 265 478 304; x_wconf 90' lang='lat' dir='ltr'><strong><em>V.</em></strong></span> <span class='ocrx_word' id='word_1_19' title='bbox 499 265 621 304; x_wconf 83' lang='lat' dir='ltr'>etiam</span> <span class='ocrx_word' id='word_1_20' title='bbox 643 267 724 318; x_wconf 85' lang='lat' dir='ltr'><strong>leg.</strong></span> <span class='ocrx_word' id='word_1_21' title='bbox 745 264 917 318; x_wconf 76' lang='grc' dir='ltr'><strong><em>ἄρτημα.</em></strong></span> <span class='ocrx_word' id='word_1_22' title='bbox 950 265 1122 320; x_wconf 79' lang='lat' dir='ltr'>Hesyeh.</span> <span class='ocrx_word' id='word_1_23' title='bbox 1143 264 1370 318; x_wconf 85' lang='grc' dir='ltr'><strong><em>Ἀρτήματα,</em></strong></span> <span class='ocrx_word' id='word_1_24' title='bbox 1392 263 1601 319; x_wconf 82' lang='grc' dir='ltr'><strong><em>ορμιατοῖς</em></strong></span> 
     </span>
     <span class='ocr_line' id='line_1_4' title="bbox 170 317 1599 392; baseline -0.003 -28"><span class='ocrx_word' id='word_1_25' title='bbox 170 320 393 378; x_wconf 69' lang='grc' dir='ltr'><strong><em>ἀγκίστροις</em></strong></span> <span class='ocrx_word' id='word_1_26' title='bbox 420 317 747 375; x_wconf 80' lang='grc' dir='ltr'><strong><em>προσαρτώμενα,</em></strong></span> <span class='ocrx_word' id='word_1_27' title='bbox 786 323 852 363; x_wconf 79' lang='grc' dir='ltr'><strong><em>καὶ</em></strong></span> <span class='ocrx_word' id='word_1_28' title='bbox 883 319 1025 375; x_wconf 82' lang='grc' dir='ltr'><strong><em>κόσμια</em></strong></span> <span class='ocrx_word' id='word_1_29' title='bbox 1051 321 1153 392; x_wconf 52' lang='grc' dir='ltr'><strong><em>τινημὶ</em></strong></span> <span class='ocrx_word' id='word_1_30' title='bbox 1198 336 1297 376; x_wconf 86' lang='lat' dir='ltr'>ergo</span> <span class='ocrx_word' id='word_1_31' title='bbox 1319 337 1469 375; x_wconf 73' lang='grc' dir='ltr'><strong><em>αρτημα</em></strong></span> <span class='ocrx_word' id='word_1_32' title='bbox 1491 330 1599 361; x_wconf 82' lang='lat' dir='ltr'>esset</span> 
     </span>
     <span class='ocr_line' id='line_1_5' title="bbox 167 376 1597 431; baseline -0.001 -14"><span class='ocrx_word' id='word_1_33' title='bbox 167 378 326 430; x_wconf 76' lang='lat' dir='ltr'><strong><em>pondus</em></strong></span> <span class='ocrx_word' id='word_1_34' title='bbox 337 377 543 416; x_wconf 71' lang='lat' dir='ltr'><strong><em>veruo-ulis</em></strong></span> <span class='ocrx_word' id='word_1_35' title='bbox 555 390 788 429; x_wconf 80' lang='lat' dir='ltr'><strong><em>appensum.</em></strong></span> <span class='ocrx_word' id='word_1_36' title='bbox 820 378 996 428; x_wconf 72' lang='lat' dir='ltr'><strong>Inter-pr.</strong></span> <span class='ocrx_word' id='word_1_37' title='bbox 1007 376 1124 431; x_wconf 48' lang='lat' dir='ltr'>iegff&#39;</span> <span class='ocrx_word' id='word_1_38' title='bbox 1078 390 1272 431; x_wconf 89' lang='grc' dir='ltr'><strong><em>.αρτυμα·</em></strong></span> <span class='ocrx_word' id='word_1_39' title='bbox 1303 380 1421 418; x_wconf 78' lang='lat' dir='ltr'><strong>male.</strong></span> <span class='ocrx_word' id='word_1_40' title='bbox 1449 383 1597 418; x_wconf 68' lang='lat' dir='ltr'><strong>Romu.</strong></span> 
     </span>
     <span class='ocr_line' id='line_1_6' title="bbox 281 430 1598 498; baseline -0.001 -23"><span class='ocrx_word' id='word_1_41' title='bbox 281 434 323 475; x_wconf 80' lang='grc' dir='ltr'><strong><em>ἐν</em></strong></span> <span class='ocrx_word' id='word_1_42' title='bbox 350 432 391 474; x_wconf 83' lang='grc' dir='ltr'><strong><em>δὲ</em></strong></span> <span class='ocrx_word' id='word_1_43' title='bbox 408 438 493 480; x_wconf 88' lang='grc' dir='ltr'><strong><em>τοῖς</em></strong></span> <span class='ocrx_word' id='word_1_44' title='bbox 511 437 613 485; x_wconf 87' lang='grc' dir='ltr'><strong><em>Δημ.</em></strong></span> <span class='ocrx_word' id='word_1_45' title='bbox 628 433 850 498; x_wconf 80' lang='grc' dir='ltr'><strong><em>πέπραται]</em></strong></span> <span class='ocrx_word' id='word_1_46' title='bbox 883 431 974 474; x_wconf 87' lang='lat' dir='ltr'><strong><em>MS</em></strong></span> <span class='ocrx_word' id='word_1_47' title='bbox 994 433 1036 474; x_wconf 84' lang='grc' dir='ltr'><strong><em>έν</em></strong></span> <span class='ocrx_word' id='word_1_48' title='bbox 1055 433 1099 475; x_wconf 77' lang='grc' dir='ltr'><strong><em>δὲ</em></strong></span> <span class='ocrx_word' id='word_1_49' title='bbox 1116 439 1198 482; x_wconf 84' lang='grc' dir='ltr'><strong><em>τοῖς</em></strong></span> <span class='ocrx_word' id='word_1_50' title='bbox 1226 430 1521 486; x_wconf 74' lang='grc' dir='ltr'><strong><em>Δημιοπράτοις</em></strong></span> <span class='ocrx_word' id='word_1_51' title='bbox 1538 433 1598 488; x_wconf 80' lang='grc' dir='ltr'><strong><em>γέ·</em></strong></span> 
     </span>
     <span class='ocr_line' id='line_1_7' title="bbox 170 484 1597 555; baseline -0.001 -25"><span class='ocrx_word' id='word_1_52' title='bbox 170 505 338 544; x_wconf 81' lang='grc' dir='ltr'><strong><em>γραπται</em></strong></span> <span class='ocrx_word' id='word_1_53' title='bbox 357 487 461 532; x_wconf 68' lang='grc' dir='ltr'><strong><em>καὶ’</em></strong></span> <span class='ocrx_word' id='word_1_54' title='bbox 444 487 596 555; x_wconf 87' lang='grc' dir='ltr'><strong><em>α’ρτημα</em></strong></span> <span class='ocrx_word' id='word_1_55' title='bbox 619 484 854 542; x_wconf 79' lang='grc' dir='ltr'><strong><em>ὀβελίσκων·</em></strong></span> <span class='ocrx_word' id='word_1_56' title='bbox 885 502 989 543; x_wconf 80' lang='lat' dir='ltr'>quae</span> <span class='ocrx_word' id='word_1_57' title='bbox 1014 489 1152 528; x_wconf 79' lang='lat' dir='ltr'>omnia</span> <span class='ocrx_word' id='word_1_58' title='bbox 1174 489 1232 527; x_wconf 75' lang='lat' dir='ltr'>ita</span> <span class='ocrx_word' id='word_1_59' title='bbox 1246 487 1463 529; x_wconf 78' lang='lat' dir='ltr'>scribenda</span> <span class='ocrx_word' id='word_1_60' title='bbox 1475 497 1597 552; x_wconf 77' lang='lat' dir='ltr'><strong><em>puto,</em></strong></span> 
     </span>
     <span class='ocr_line' id='line_1_8' title="bbox 173 542 1599 599; baseline -0.002 -15"><span class='ocrx_word' id='word_1_61' title='bbox 173 554 283 584; x_wconf 85' lang='lat' dir='ltr'>certe</span> <span class='ocrx_word' id='word_1_62' title='bbox 305 542 623 598; x_wconf 72' lang='grc' dir='ltr'><strong><em>Δημιοπράτοις,</em></strong></span> <span class='ocrx_word' id='word_1_63' title='bbox 652 552 693 583; x_wconf 84' lang='lat' dir='ltr'>et</span> <span class='ocrx_word' id='word_1_64' title='bbox 714 543 889 598; x_wconf 86' lang='grc' dir='ltr'><strong><em>αρτημα·</em></strong></span> <span class='ocrx_word' id='word_1_65' title='bbox 932 552 1041 584; x_wconf 83' lang='lat' dir='ltr'>certe</span> <span class='ocrx_word' id='word_1_66' title='bbox 1061 543 1214 599; x_wconf 74' lang='grc' dir='ltr'><strong><em>ἄρτυμα</em></strong></span> <span class='ocrx_word' id='word_1_67' title='bbox 1235 546 1449 599; x_wconf 78' lang='lat' dir='ltr'><strong><em>vulgatum</em></strong></span> <span class='ocrx_word' id='word_1_68' title='bbox 1474 543 1599 596; x_wconf 82' lang='lat' dir='ltr'>inep-</span> 
     </span>
     <span class='ocr_line' id='line_1_9' title="bbox 170 598 1598 653; baseline 0 -14"><span class='ocrx_word' id='word_1_69' title='bbox 170 601 377 651; x_wconf 79' lang='lat' dir='ltr'>tissimum</span> <span class='ocrx_word' id='word_1_70' title='bbox 399 608 473 642; x_wconf 83' lang='lat' dir='ltr'>est.</span> <span class='ocrx_word' id='word_1_71' title='bbox 513 598 781 639; x_wconf 85' lang='lat' dir='ltr'><strong><em>condimento</em></strong></span> <span class='ocrx_word' id='word_1_72' title='bbox 799 599 909 639; x_wconf 87' lang='lat' dir='ltr'>enim</span> <span class='ocrx_word' id='word_1_73' title='bbox 922 613 1027 639; x_wconf 86' lang='lat' dir='ltr'>veru</span> <span class='ocrx_word' id='word_1_74' title='bbox 1042 614 1147 653; x_wconf 88' lang='lat' dir='ltr'>opus</span> <span class='ocrx_word' id='word_1_75' title='bbox 1169 613 1254 640; x_wconf 84' lang='grc' dir='ltr'><strong><em>ιιοιι</em></strong></span> <span class='ocrx_word' id='word_1_76' title='bbox 1279 599 1416 647; x_wconf 77' lang='lat' dir='ltr'>habet,</span> <span class='ocrx_word' id='word_1_77' title='bbox 1449 599 1485 638; x_wconf 86' lang='lat' dir='ltr'><strong><em>si</em></strong></span> <span class='ocrx_word' id='word_1_78' title='bbox 1496 598 1598 639; x_wconf 73' lang='lat' dir='ltr'>Diis</span> 
     </span>
     <span class='ocr_line' id='line_1_10' title="bbox 170 647 1598 710; baseline -0.002 -14"><span class='ocrx_word' id='word_1_79' title='bbox 170 647 331 710; x_wconf 72' lang='lat' dir='ltr'>piacet·</span> <span class='ocrx_word' id='word_1_80' title='bbox 361 653 514 710; x_wconf 67' lang='grc' dir='ltr'><strong><em>ἄρτημα</em></strong></span> <span class='ocrx_word' id='word_1_81' title='bbox 538 651 748 709; x_wconf 74' lang='grc' dir='ltr'><strong><em>ὀβελίσκων</em></strong></span> <span class='ocrx_word' id='word_1_82' title='bbox 772 654 930 708; x_wconf 82' lang='lat' dir='ltr'>probe.</span> <span class='ocrx_word' id='word_1_83' title='bbox 960 653 1011 694; x_wconf 90' lang='lat' dir='ltr'><strong><em>de</em></strong></span> <span class='ocrx_word' id='word_1_84' title='bbox 1031 657 1181 708; x_wconf 82' lang='lat' dir='ltr'>laqueo</span> <span class='ocrx_word' id='word_1_85' title='bbox 1201 669 1285 710; x_wconf 80' lang='lat' dir='ltr'>que</span> <span class='ocrx_word' id='word_1_86' title='bbox 1305 669 1405 695; x_wconf 86' lang='lat' dir='ltr'>veru</span> <span class='ocrx_word' id='word_1_87' title='bbox 1427 668 1598 707; x_wconf 83' lang='lat' dir='ltr'>suspen.</span> 
     </span>
     <span class='ocr_line' id='line_1_11' title="bbox 169 709 1595 781; baseline -0.002 -30"><span class='ocrx_word' id='word_1_88' title='bbox 169 727 273 781; x_wconf 71' lang='lat' dir='ltr'>suin„</span> <span class='ocrx_word' id='word_1_89' title='bbox 303 711 346 749; x_wconf 87' lang='lat' dir='ltr'>in</span> <span class='ocrx_word' id='word_1_90' title='bbox 369 725 452 766; x_wconf 87' lang='lat' dir='ltr'><strong><em>quo</em></strong></span> <span class='ocrx_word' id='word_1_91' title='bbox 474 711 594 764; x_wconf 81' lang='lat' dir='ltr'><strong>quasi</strong></span> <span class='ocrx_word' id='word_1_92' title='bbox 618 710 870 751; x_wconf 82' lang='lat' dir='ltr'>versabatur.</span> <span class='ocrx_word' id='word_1_93' title='bbox 900 711 1098 749; x_wconf 81' lang='lat' dir='ltr'>versatile</span> <span class='ocrx_word' id='word_1_94' title='bbox 1119 725 1230 759; x_wconf 81' lang='lat' dir='ltr'>veru,</span> <span class='ocrx_word' id='word_1_95' title='bbox 1256 709 1396 762; x_wconf 78' lang='lat' dir='ltr'>credo,</span> <span class='ocrx_word' id='word_1_96' title='bbox 1424 709 1595 750; x_wconf 70' lang='lat' dir='ltr'>vidisti:</span> 
     </span>
     <span class='ocr_line' id='line_1_12' title="bbox 171 741 1601 823; baseline 0 -17"><span class='ocrx_word' id='word_1_97' title='bbox 171 768 221 806; x_wconf 81' lang='lat' dir='ltr'><strong><em>ab</em></strong></span> <span class='ocrx_word' id='word_1_98' title='bbox 243 765 382 823; x_wconf 76' lang='grc' dir='ltr'><strong><em>ἆρτᾷν.</em></strong></span> <span class='ocrx_word' id='word_1_99' title='bbox 441 765 566 820; x_wconf 85' lang='lat' dir='ltr'><strong><em>Quod</em></strong></span> <span class='ocrx_word' id='word_1_100' title='bbox 589 780 687 806; x_wconf 85' lang='lat' dir='ltr'>vero</span> <span class='ocrx_word' id='word_1_101' title='bbox 709 765 760 804; x_wconf 86' lang='lat' dir='ltr'><strong><em>ad</em></strong></span> <span class='ocrx_word' id='word_1_102' title='bbox 781 766 970 818; x_wconf 80' lang='grc' dir='ltr'><strong><em>πέπραται</em></strong></span> <span class='ocrx_word' id='word_1_103' title='bbox 995 765 1160 816; x_wconf 80' lang='lat' dir='ltr'><strong>attinet,</strong></span> <span class='ocrx_word' id='word_1_104' title='bbox 1191 741 1235 806; x_wconf 81' lang='lat' dir='ltr'><strong><em>id</em></strong></span> <span class='ocrx_word' id='word_1_105' title='bbox 1253 779 1411 819; x_wconf 80' lang='lat' dir='ltr'><strong>semper</strong></span> <span class='ocrx_word' id='word_1_106' title='bbox 1421 764 1601 806; x_wconf 71' lang='lat' dir='ltr'>scribere</span> 
     </span>
     <span class='ocr_line' id='line_1_13' title="bbox 170 818 1600 885; baseline -0.002 -23"><span class='ocrx_word' id='word_1_107' title='bbox 170 825 346 872; x_wconf 78' lang='lat' dir='ltr'><em>Pollux,</em></span> <span class='ocrx_word' id='word_1_108' title='bbox 378 823 525 871; x_wconf 85' lang='lat' dir='ltr'>credo,</span> <span class='ocrx_word' id='word_1_109' title='bbox 553 836 639 861; x_wconf 89' lang='lat' dir='ltr'><strong><em>non</em></strong></span> <span class='ocrx_word' id='word_1_110' title='bbox 667 821 747 860; x_wconf 84' lang='lat' dir='ltr'>sibi</span> <span class='ocrx_word' id='word_1_111' title='bbox 768 820 1035 885; x_wconf 82' lang='lat' dir='ltr'>praescribit,</span> <span class='ocrx_word' id='word_1_112' title='bbox 1066 821 1138 861; x_wconf 85' lang='lat' dir='ltr'>sed</span> <span class='ocrx_word' id='word_1_113' title='bbox 1159 820 1367 861; x_wconf 74' lang='lat' dir='ltr'><strong><em>interdum</em></strong></span> <span class='ocrx_word' id='word_1_114' title='bbox 1387 818 1600 874; x_wconf 69' lang='grc' dir='ltr'><strong><em>εὑρίσκεται</em></strong></span> 
     </span>
     <span class='ocr_line' id='line_1_14' title="bbox 171 875 1598 931; baseline -0.002 -13"><span class='ocrx_word' id='word_1_115' title='bbox 171 880 256 929; x_wconf 82' lang='lat' dir='ltr'>ait,</span> <span class='ocrx_word' id='word_1_116' title='bbox 293 877 502 918; x_wconf 86' lang='lat' dir='ltr'><strong><em>interdum</em></strong></span> <span class='ocrx_word' id='word_1_117' title='bbox 526 878 760 931; x_wconf 79' lang='grc' dir='ltr'><strong><em>γέγραπται,</em></strong></span> <span class='ocrx_word' id='word_1_118' title='bbox 796 886 845 916; x_wconf 83' lang='lat' dir='ltr'><strong><em>ut</em></strong></span> <span class='ocrx_word' id='word_1_119' title='bbox 880 875 950 914; x_wconf 87' lang='lat' dir='ltr'><strong><em>hic</em></strong></span> <span class='ocrx_word' id='word_1_120' title='bbox 970 875 1061 917; x_wconf 83' lang='lat' dir='ltr'><strong><em>MS.</em></strong></span> <span class='ocrx_word' id='word_1_121' title='bbox 1082 876 1219 917; x_wconf 72' lang='lat' dir='ltr'><strong>Sebm·</strong></span> <span class='ocrx_word' id='word_1_122' title='bbox 1238 877 1380 916; x_wconf 81' lang='lat' dir='ltr'><strong>etiam.</strong></span> <span class='ocrx_word' id='word_1_123' title='bbox 1414 885 1458 917; x_wconf 77' lang='lat' dir='ltr'>et</span> <span class='ocrx_word' id='word_1_124' title='bbox 1474 890 1598 930; x_wconf 83' lang='lat' dir='ltr'>supra</span> 
     </span>
     <span class='ocr_line' id='line_1_15' title="bbox 171 933 979 988; baseline -0.005 -14"><span class='ocrx_word' id='word_1_125' title='bbox 171 949 295 988; x_wconf 85' lang='lat' dir='ltr'><strong>segm.</strong></span> <span class='ocrx_word' id='word_1_126' title='bbox 315 933 378 973; x_wconf 81' lang='lat'><strong><em>24.</em></strong></span> <span class='ocrx_word' id='word_1_127' title='bbox 396 933 455 972; x_wconf 77' lang='lat' dir='ltr'><strong><em>ita</em></strong></span> <span class='ocrx_word' id='word_1_128' title='bbox 473 933 621 972; x_wconf 82' lang='lat' dir='ltr'>notavi</span> <span class='ocrx_word' id='word_1_129' title='bbox 643 937 979 988; x_wconf 73' lang='lat' dir='ltr'><strong>quoque.1tmo.</strong></span> 
     </span>
     <span class='ocr_line' id='line_1_16' title="bbox 280 986 1601 1053; baseline -0.003 -21"><span class='ocrx_word' id='word_1_130' title='bbox 280 991 320 1032; x_wconf 83' lang='grc' dir='ltr'><strong><em>έν</em></strong></span> <span class='ocrx_word' id='word_1_131' title='bbox 342 989 383 1031; x_wconf 81' lang='grc' dir='ltr'><strong><em>δὲ</em></strong></span> <span class='ocrx_word' id='word_1_132' title='bbox 405 995 488 1053; x_wconf 68' lang='grc' dir='ltr'><strong><em>τοῖς</em></strong></span> <span class='ocrx_word' id='word_1_133' title='bbox 505 988 612 1042; x_wconf 88' lang='grc' dir='ltr'><strong><em>Δημ.</em></strong></span> <span class='ocrx_word' id='word_1_134' title='bbox 630 989 845 1042; x_wconf 82' lang='grc' dir='ltr'><strong><em>πέπραται]</em></strong></span> <span class='ocrx_word' id='word_1_135' title='bbox 878 987 1155 1041; x_wconf 81' lang='lat' dir='ltr'>Arripuerunt</span> <span class='ocrx_word' id='word_1_136' title='bbox 1173 987 1353 1036; x_wconf 76' lang='lat' dir='ltr'>librarii,</span> <span class='ocrx_word' id='word_1_137' title='bbox 1385 986 1499 1042; x_wconf 85' lang='lat' dir='ltr'><strong><em>quod</em></strong></span> <span class='ocrx_word' id='word_1_138' title='bbox 1517 1001 1601 1028; x_wconf 82' lang='lat' dir='ltr'>ore-</span> 
     </span>
     <span class='ocr_line' id='line_1_17' title="bbox 171 1042 1601 1097; baseline -0.003 -11"><span class='ocrx_word' id='word_1_139' title='bbox 171 1045 433 1086; x_wconf 87' lang='lat' dir='ltr'>berrimum</span> <span class='ocrx_word' id='word_1_140' title='bbox 421 1059 465 1082; x_wconf 84' lang='lat' dir='ltr'><strong>m</strong></span> <span class='ocrx_word' id='word_1_141' title='bbox 487 1043 568 1083; x_wconf 89' lang='lat' dir='ltr'><strong><em>hoc</em></strong></span> <span class='ocrx_word' id='word_1_142' title='bbox 591 1045 779 1084; x_wconf 80' lang='lat' dir='ltr'><em>Pollucis</em></span> <span class='ocrx_word' id='word_1_143' title='bbox 795 1043 941 1083; x_wconf 90' lang='lat' dir='ltr'>libro</span> <span class='ocrx_word' id='word_1_144' title='bbox 929 1043 1032 1097; x_wconf 78' lang='lat' dir='ltr'>ipsis</span> <span class='ocrx_word' id='word_1_145' title='bbox 1053 1053 1352 1094; x_wconf 75' lang='lat' dir='ltr'><strong><em>occucurremt,</em></strong></span> <span class='ocrx_word' id='word_1_146' title='bbox 1382 1052 1424 1083; x_wconf 88' lang='lat' dir='ltr'>et</span> <span class='ocrx_word' id='word_1_147' title='bbox 1444 1042 1489 1082; x_wconf 82' lang='lat' dir='ltr'><strong><em>id</em></strong></span> <span class='ocrx_word' id='word_1_148' title='bbox 1506 1042 1601 1082; x_wconf 80' lang='lat' dir='ltr'>ubi-</span> 
     </span>
     <span class='ocr_line' id='line_1_18' title="bbox 173 1075 1600 1157; baseline 0 -17"><span class='ocrx_word' id='word_1_149' title='bbox 173 1116 255 1157; x_wconf 89' lang='lat' dir='ltr'>que</span> <span class='ocrx_word' id='word_1_150' title='bbox 286 1105 428 1140; x_wconf 88' lang='lat' dir='ltr'><strong>locum</strong></span> <span class='ocrx_word' id='word_1_151' title='bbox 457 1099 607 1140; x_wconf 87' lang='lat' dir='ltr'>habere</span> <span class='ocrx_word' id='word_1_152' title='bbox 638 1101 955 1148; x_wconf 83' lang='lat' dir='ltr'>existimarunt,·</span> <span class='ocrx_word' id='word_1_153' title='bbox 993 1099 1065 1139; x_wconf 85' lang='lat' dir='ltr'>sed</span> <span class='ocrx_word' id='word_1_154' title='bbox 1092 1100 1212 1141; x_wconf 91' lang='lat' dir='ltr'><strong>MSS.</strong></span> <span class='ocrx_word' id='word_1_155' title='bbox 1235 1075 1444 1140; x_wconf 78' lang='lat' dir='ltr'>fideliores</span> <span class='ocrx_word' id='word_1_156' title='bbox 1465 1100 1600 1155; x_wconf 79' lang='grc' dir='ltr'><strong><em>γέγρα-</em></strong></span> 
     </span>
     <span class='ocr_line' id='line_1_19' title="bbox 171 1154 1600 1211; baseline 0 -17"><span class='ocrx_word' id='word_1_157' title='bbox 171 1175 262 1200; x_wconf 66' lang='grc' dir='ltr'><strong><em>πται</em></strong></span> <span class='ocrx_word' id='word_1_158' title='bbox 282 1170 381 1211; x_wconf 86' lang='lat' dir='ltr'>prae</span> <span class='ocrx_word' id='word_1_159' title='bbox 403 1170 446 1195; x_wconf 86' lang='lat' dir='ltr'><strong><em>se</em></strong></span> <span class='ocrx_word' id='word_1_160' title='bbox 467 1157 622 1209; x_wconf 81' lang='lat' dir='ltr'>ferunt,</span> <span class='ocrx_word' id='word_1_161' title='bbox 651 1171 736 1195; x_wconf 89' lang='lat' dir='ltr'><strong><em>non</em></strong></span> <span class='ocrx_word' id='word_1_162' title='bbox 754 1157 962 1208; x_wconf 79' lang='grc' dir='ltr'><strong><em>πέπραται,</em></strong></span> <span class='ocrx_word' id='word_1_163' title='bbox 993 1155 1106 1207; x_wconf 85' lang='lat' dir='ltr'><strong><em>quod</em></strong></span> <span class='ocrx_word' id='word_1_164' title='bbox 1123 1154 1316 1208; x_wconf 78' lang='lat' dir='ltr'><strong>equidem</strong></span> <span class='ocrx_word' id='word_1_165' title='bbox 1332 1157 1466 1194; x_wconf 74' lang='lat' dir='ltr'>solum</span> <span class='ocrx_word' id='word_1_166' title='bbox 1478 1169 1600 1194; x_wconf 86' lang='lat' dir='ltr'>usur-</span> 
     </span>
     <span class='ocr_line' id='line_1_20' title="bbox 170 1210 1598 1280; baseline -0.004 -27"><span class='ocrx_word' id='word_1_167' title='bbox 170 1227 289 1267; x_wconf 80' lang='lat' dir='ltr'>passe</span> <span class='ocrx_word' id='word_1_168' title='bbox 305 1213 518 1251; x_wconf 80' lang='lat' dir='ltr'><em>Pollucem</em></span> <span class='ocrx_word' id='word_1_169' title='bbox 535 1225 620 1250; x_wconf 87' lang='lat' dir='ltr'><strong><em>non</em></strong></span> <span class='ocrx_word' id='word_1_170' title='bbox 640 1211 899 1251; x_wconf 85' lang='lat' dir='ltr'><strong>crediderim.</strong></span> <span class='ocrx_word' id='word_1_171' title='bbox 930 1221 971 1249; x_wconf 88' lang='lat' dir='ltr'>et</span> <span class='ocrx_word' id='word_1_172' title='bbox 990 1211 1125 1263; x_wconf 83' lang='lat' dir='ltr'>ipsum</span> <span class='ocrx_word' id='word_1_173' title='bbox 1144 1210 1252 1250; x_wconf 86' lang='lat' dir='ltr'>illud</span> <span class='ocrx_word' id='word_1_174' title='bbox 1271 1211 1480 1280; x_wconf 43' lang='grc' dir='ltr'><strong><em>γῇραπται</em></strong></span> <span class='ocrx_word' id='word_1_175' title='bbox 1495 1211 1598 1250; x_wconf 74' lang='lat' dir='ltr'>alibi</span> 
     </span>
     <span class='ocr_line' id='line_1_21' title="bbox 170 1266 1599 1330; baseline -0.003 -21"><span class='ocrx_word' id='word_1_176' title='bbox 170 1270 295 1309; x_wconf 85' lang='lat' dir='ltr'><strong>MSS.</strong></span> <span class='ocrx_word' id='word_1_177' title='bbox 330 1266 598 1306; x_wconf 76' lang='lat' dir='ltr'>monentibus</span> <span class='ocrx_word' id='word_1_178' title='bbox 630 1267 864 1307; x_wconf 77' lang='lat' dir='ltr'><strong><em>restituisse</em></strong></span> <span class='ocrx_word' id='word_1_179' title='bbox 892 1280 957 1304; x_wconf 88' lang='lat' dir='ltr'><strong><em>me</em></strong></span> <span class='ocrx_word' id='word_1_180' title='bbox 986 1266 1262 1305; x_wconf 84' lang='lat' dir='ltr'><strong>commemini.</strong></span> <span class='ocrx_word' id='word_1_181' title='bbox 1317 1272 1484 1330; x_wconf 57' lang='lat' dir='ltr'><strong><em>Aps-pp«</em></strong></span> <span class='ocrx_word' id='word_1_182' title='bbox 1501 1280 1599 1305; x_wconf 84' lang='lat' dir='ltr'><strong><em>mox</em></strong></span> 
     </span>
     <span class='ocr_line' id='line_1_22' title="bbox 171 1320 1598 1376; baseline -0.002 -13"><span class='ocrx_word' id='word_1_183' title='bbox 171 1334 259 1363; x_wconf 71' lang='lat' dir='ltr'>etat</span> <span class='ocrx_word' id='word_1_184' title='bbox 278 1325 322 1362; x_wconf 87' lang='lat' dir='ltr'>in</span> <span class='ocrx_word' id='word_1_185' title='bbox 340 1323 549 1376; x_wconf 86' lang='lat' dir='ltr'>vulgatis,</span> <span class='ocrx_word' id='word_1_186' title='bbox 579 1321 691 1376; x_wconf 86' lang='lat' dir='ltr'><strong><em>quod</em></strong></span> <span class='ocrx_word' id='word_1_187' title='bbox 715 1322 879 1360; x_wconf 82' lang='lat' dir='ltr'>inutile.</span> <span class='ocrx_word' id='word_1_188' title='bbox 919 1320 1017 1359; x_wconf 86' lang='lat' dir='ltr'>libri</span> <span class='ocrx_word' id='word_1_189' title='bbox 1039 1331 1217 1368; x_wconf 84' lang='lat' dir='ltr'>veteres‚</span> <span class='ocrx_word' id='word_1_190' title='bbox 1248 1329 1290 1361; x_wconf 88' lang='lat' dir='ltr'>et</span> <span class='ocrx_word' id='word_1_191' title='bbox 1308 1335 1363 1361; x_wconf 84' lang='lat' dir='ltr'>ex</span> <span class='ocrx_word' id='word_1_192' title='bbox 1383 1321 1436 1360; x_wconf 88' lang='lat' dir='ltr'><strong><em>iis</em></strong></span> <span class='ocrx_word' id='word_1_193' title='bbox 1458 1330 1598 1361; x_wconf 78' lang='lat' dir='ltr'>textus</span> 
     </span>
     <span class='ocr_line' id='line_1_23' title="bbox 171 1374 1598 1444; baseline -0.001 -28"><span class='ocrx_word' id='word_1_194' title='bbox 171 1380 344 1433; x_wconf 69' lang='grc' dir='ltr'><strong><em>ἄρτημα·</em></strong></span> <span class='ocrx_word' id='word_1_195' title='bbox 374 1391 460 1416; x_wconf 85' lang='grc' dir='ltr'><strong><em>ιιοιι</em></strong></span> <span class='ocrx_word' id='word_1_196' title='bbox 484 1377 678 1416; x_wconf 82' lang='lat' dir='ltr'><strong><em>dissimili</em></strong></span> <span class='ocrx_word' id='word_1_197' title='bbox 697 1375 871 1416; x_wconf 82' lang='lat' dir='ltr'>ratione&#39;</span> <span class='ocrx_word' id='word_1_198' title='bbox 870 1375 1066 1429; x_wconf 86' lang='grc' dir='ltr'><strong><em>Ἀρτημα,</em></strong></span> <span class='ocrx_word' id='word_1_199' title='bbox 1099 1374 1121 1418; x_wconf 80' lang='grc' dir='ltr'>ὁ</span> <span class='ocrx_word' id='word_1_200' title='bbox 1148 1375 1334 1428; x_wconf 70' lang='grc' dir='ltr'><strong><em>τελαμών,</em></strong></span> <span class='ocrx_word' id='word_1_201' title='bbox 1366 1377 1405 1427; x_wconf 76' lang='grc' dir='ltr'><strong><em>ἐξ</em></strong></span> <span class='ocrx_word' id='word_1_202' title='bbox 1423 1393 1472 1419; x_wconf 83' lang='grc' dir='ltr'><strong><em>ου</em></strong></span> <span class='ocrx_word' id='word_1_203' title='bbox 1473 1375 1598 1444; x_wconf 62' lang='lat' dir='ltr'><em>”1&#39;th-</em></span> 
     </span>
     <span class='ocr_line' id='line_1_24' title="bbox 167 1428 1598 1503; baseline -0.002 -25"><span class='ocrx_word' id='word_1_204' title='bbox 167 1453 232 1478; x_wconf 87' lang='grc' dir='ltr'><strong><em>ται</em></strong></span> <span class='ocrx_word' id='word_1_205' title='bbox 250 1434 293 1477; x_wconf 82' lang='grc' dir='ltr'><strong><em>τὰ</em></strong></span> <span class='ocrx_word' id='word_1_206' title='bbox 313 1430 554 1501; x_wconf 89' lang='grc' dir='ltr'><strong><em>βαλλαντιον,</em></strong></span> <span class='ocrx_word' id='word_1_207' title='bbox 575 1433 684 1487; x_wconf 84' lang='lat' dir='ltr'><strong><em>apud</em></strong></span> <span class='ocrx_word' id='word_1_208' title='bbox 698 1433 1008 1485; x_wconf 80' lang='lat' dir='ltr'><strong><em>Etymologum3</em></strong></span> <span class='ocrx_word' id='word_1_209' title='bbox 1037 1441 1079 1471; x_wconf 89' lang='lat' dir='ltr'>et</span> <span class='ocrx_word' id='word_1_210' title='bbox 1091 1433 1340 1485; x_wconf 66' lang='lat' dir='ltr'>Hesychius:</span> <span class='ocrx_word' id='word_1_211' title='bbox 1369 1428 1598 1503; x_wconf 80' lang='grc' dir='ltr'><strong><em>Ἀρτηματα,</em></strong></span> 
     </span>
     <span class='ocr_line' id='line_1_25' title="bbox 170 1485 1599 1600; baseline -0.002 -13"><span class='ocrx_word' id='word_1_212' title='bbox 170 1490 287 1586; x_wconf 62' lang='lat'><strong><em>{3223</em></strong></span> <span class='ocrx_word' id='word_1_213' title='bbox 306 1485 1023 1600; x_wconf 58' lang='lat'><strong><em>‚3252521533‘05.⁷.35.2⁶“02&lt;’535‘;53;</em></strong></span> <span class='ocrx_word' id='word_1_214' title='bbox 1041 1487 1599 1600; x_wconf 47' lang='grc' dir='ltr'><strong><em>’Ξῖίεῑξμῗρτέιιιΐὲἓ</em></strong></span> 
     </span>
     <span class='ocr_line' id='line_1_26' title="bbox 1195 1576 1208 1596; baseline 0 0"><span class='ocrx_word' id='word_1_215' title='bbox 1195 1576 1208 1596; x_wconf 70' lang='lat'>²</span> 
     </span>
     <span class='ocr_line' id='line_1_27' title="bbox 171 1558 1504 1669; baseline -0.006 -25"><span class='ocrx_word' id='word_1_216' title='bbox 171 1605 240 1644; x_wconf 82' lang='lat' dir='ltr'><strong><em>vis</em></strong></span> <span class='ocrx_word' id='word_1_217' title='bbox 261 1600 393 1649; x_wconf 80' lang='lat' dir='ltr'><strong><em>aliud,</em></strong></span> <span class='ocrx_word' id='word_1_218' title='bbox 423 1601 527 1639; x_wconf 80' lang='lat' dir='ltr'><strong><em>unde</em></strong></span> <span class='ocrx_word' id='word_1_219' title='bbox 546 1562 669 1640; x_wconf 59' lang='grc' dir='ltr'><strong><em>νενιιῗι</em></strong></span> <span class='ocrx_word' id='word_1_220' title='bbox 687 1600 1018 1669; x_wconf 78' lang='lat' dir='ltr'><strong><em>suspenduntur?</em></strong></span> <span class='ocrx_word' id='word_1_221' title='bbox 1478 1558 1504 1600; x_wconf 71' lang='lat' dir='ltr'>q</span> 
     </span>
     <span class='ocr_line' id='line_1_28' title="bbox 278 1654 1597 1723; baseline -0.002 -23"><span class='ocrx_word' id='word_1_222' title='bbox 278 1659 343 1700; x_wconf 83' lang='grc' dir='ltr'><strong><em>καὶ</em></strong></span> <span class='ocrx_word' id='word_1_223' title='bbox 365 1654 606 1723; x_wconf 79' lang='grc' dir='ltr'><strong><em>κρατευτὰς]</em></strong></span> <span class='ocrx_word' id='word_1_224' title='bbox 638 1656 685 1698; x_wconf 88' lang='lat' dir='ltr'><strong>C.</strong></span> <span class='ocrx_word' id='word_1_225' title='bbox 703 1657 760 1697; x_wconf 89' lang='lat' dir='ltr'><strong><em>A.</em></strong></span> <span class='ocrx_word' id='word_1_226' title='bbox 780 1672 994 1710; x_wconf 81' lang='grc' dir='ltr'><strong><em>κρατευτας</em></strong></span> <span class='ocrx_word' id='word_1_227' title='bbox 1007 1654 1062 1720; x_wconf 52' lang='grc' dir='ltr'><strong><em>δὲ,</em></strong></span> <span class='ocrx_word' id='word_1_228' title='bbox 1081 1671 1118 1698; x_wconf 82' lang='grc' dir='ltr'><strong><em>ιι.</em></strong></span> <span class='ocrx_word' id='word_1_229' title='bbox 1129 1672 1168 1697; x_wconf 88' lang='grc' dir='ltr'><strong><em>ιι.</em></strong></span> <span class='ocrx_word' id='word_1_230' title='bbox 1183 1656 1282 1710; x_wconf 85' lang='grc' dir='ltr'><strong><em>έρεῖς</em></strong></span> <span class='ocrx_word' id='word_1_231' title='bbox 1297 1658 1456 1722; x_wconf 66' lang='grc' dir='ltr'><strong><em>ιιοπίδες</em></strong></span> <span class='ocrx_word' id='word_1_232' title='bbox 1473 1669 1597 1711; x_wconf 79' lang='grc' dir='ltr'><strong><em>σφρα·</em></strong></span> 
     </span>
     <span class='ocr_line' id='line_1_29' title="bbox 167 1711 1551 1771; baseline -0.004 -13"><span class='ocrx_word' id='word_1_233' title='bbox 167 1717 275 1771; x_wconf 83' lang='grc' dir='ltr'><strong><em>γίδες</em></strong></span> <span class='ocrx_word' id='word_1_234' title='bbox 296 1711 481 1767; x_wconf 70' lang='grc' dir='ltr'><strong><em>σφάγιον,</em></strong></span> <span class='ocrx_word' id='word_1_235' title='bbox 503 1712 646 1765; x_wconf 84' lang='grc' dir='ltr'><strong><em>τορύνη</em></strong></span> <span class='ocrx_word' id='word_1_236' title='bbox 667 1726 791 1766; x_wconf 82' lang='lat' dir='ltr'><strong>segm.</strong></span> <span class='ocrx_word' id='word_1_237' title='bbox 817 1726 899 1765; x_wconf 87' lang='lat' dir='ltr'>seq.</span> <span class='ocrx_word' id='word_1_238' title='bbox 923 1711 1086 1751; x_wconf 78' lang='lat' dir='ltr'>omissis</span> <span class='ocrx_word' id='word_1_239' title='bbox 1104 1711 1352 1753; x_wconf 83' lang='lat' dir='ltr'>interiectis.</span> <span class='ocrx_word' id='word_1_240' title='bbox 1408 1719 1551 1752; x_wconf 76' lang='lat' dir='ltr'><strong>Kum.</strong></span> 
     </span>
     <span class='ocr_line' id='line_1_30' title="bbox 158 1765 1600 1823; baseline -0.003 -11"><span class='ocrx_word' id='word_1_241' title='bbox 158 1807 164 1812; x_wconf 92' lang='lat'><strong>.</strong></span> <span class='ocrx_word' id='word_1_242' title='bbox 279 1766 599 1823; x_wconf 81' lang='grc' dir='ltr'><strong><em>Δημιοπρᾶταις]</em></strong></span> <span class='ocrx_word' id='word_1_243' title='bbox 630 1769 786 1808; x_wconf 86' lang='lat' dir='ltr'><strong>Iterum</strong></span> <span class='ocrx_word' id='word_1_244' title='bbox 807 1767 940 1808; x_wconf 84' lang='lat' dir='ltr'>scribe</span> <span class='ocrx_word' id='word_1_245' title='bbox 959 1765 1264 1822; x_wconf 79' lang='grc' dir='ltr'><strong><em>Δημιοπράτοις,</em></strong></span> <span class='ocrx_word' id='word_1_246' title='bbox 1288 1779 1338 1808; x_wconf 83' lang='lat' dir='ltr'><strong><em>ut</em></strong></span> <span class='ocrx_word' id='word_1_247' title='bbox 1357 1769 1445 1811; x_wconf 78' lang='lat' dir='ltr'><strong><em>MS.</em></strong></span> <span class='ocrx_word' id='word_1_248' title='bbox 1457 1778 1600 1808; x_wconf 79' lang='lat' dir='ltr'>noster</span> 
     </span>
     <span class='ocr_line' id='line_1_31' title="bbox 170 1827 465 1867; baseline -0.011 -2"><span class='ocrx_word' id='word_1_249' title='bbox 170 1827 304 1867; x_wconf 86' lang='lat' dir='ltr'><strong>habet.</strong></span> <span class='ocrx_word' id='word_1_250' title='bbox 362 1831 465 1864; x_wconf 61' lang='lat' dir='ltr'><strong>que.</strong></span> 
     </span>
     <span class='ocr_line' id='line_1_32' title="bbox 278 1877 1598 1948; baseline -0.002 -25"><span class='ocrx_word' id='word_1_251' title='bbox 278 1881 381 1924; x_wconf 78' lang='grc' dir='ltr'><strong><em>ἐστιν</em></strong></span> <span class='ocrx_word' id='word_1_252' title='bbox 401 1877 481 1932; x_wconf 83' lang='grc' dir='ltr'><strong><em>εὖρ.</em></strong></span> <span class='ocrx_word' id='word_1_253' title='bbox 471 1882 658 1934; x_wconf 82' lang='grc' dir='ltr'><strong><em>..μολυβδ</em></strong></span> <span class='ocrx_word' id='word_1_254' title='bbox 672 1880 687 1932; x_wconf 93' lang='grc'>]</span> <span class='ocrx_word' id='word_1_255' title='bbox 719 1880 859 1948; x_wconf 88' lang='lat' dir='ltr'><strong>Segm</strong></span> <span class='ocrx_word' id='word_1_256' title='bbox 878 1891 967 1920; x_wconf 75' lang='lat'><strong>102.</strong></span> <span class='ocrx_word' id='word_1_257' title='bbox 981 1878 1152 1920; x_wconf 85' lang='lat' dir='ltr'>divisim</span> <span class='ocrx_word' id='word_1_258' title='bbox 1169 1877 1373 1933; x_wconf 79' lang='grc' dir='ltr'><strong><em>μολυβδου</em></strong></span> <span class='ocrx_word' id='word_1_259' title='bbox 1391 1878 1598 1933; x_wconf 81' lang='grc' dir='ltr'><strong><em>κρατηταί·</em></strong></span> 
     </span>
     <span class='ocr_line' id='line_1_33' title="bbox 169 1937 1030 2004; baseline -0.006 -25"><span class='ocrx_word' id='word_1_260' title='bbox 169 1948 212 1979; x_wconf 83' lang='lat' dir='ltr'>et</span> <span class='ocrx_word' id='word_1_261' title='bbox 230 1952 355 1977; x_wconf 81' lang='lat' dir='ltr'><strong><em>mox·</em></strong></span> <span class='ocrx_word' id='word_1_262' title='bbox 389 1937 651 2004; x_wconf 86' lang='grc' dir='ltr'><strong><em>μολυβδίνους</em></strong></span> <span class='ocrx_word' id='word_1_263' title='bbox 670 1952 893 1986; x_wconf 80' lang='grc' dir='ltr'><strong><em>κρατευτας.</em></strong></span> <span class='ocrx_word' id='word_1_264' title='bbox 950 1941 1030 1978; x_wconf 66' lang='lat' dir='ltr'><strong>San.</strong></span> 
     </span>
     <span class='ocr_line' id='line_1_34' title="bbox 277 1988 1595 2062; baseline -0.003 -28"><span class='ocrx_word' id='word_1_265' title='bbox 277 1993 380 2035; x_wconf 79' lang='grc' dir='ltr'><strong><em>ἐστιν</em></strong></span> <span class='ocrx_word' id='word_1_266' title='bbox 411 2009 497 2062; x_wconf 90' lang='grc' dir='ltr'><strong><em>ευρ.</em></strong></span> <span class='ocrx_word' id='word_1_267' title='bbox 525 1994 688 2045; x_wconf 84' lang='grc' dir='ltr'><strong><em>μολυβδ.</em></strong></span> <span class='ocrx_word' id='word_1_268' title='bbox 701 1993 740 2062; x_wconf 92' lang='grc'>]</span> <span class='ocrx_word' id='word_1_269' title='bbox 758 1992 852 2032; x_wconf 87' lang='lat' dir='ltr'><strong><em>MS.</em></strong></span> <span class='ocrx_word' id='word_1_270' title='bbox 883 1988 1012 2061; x_wconf 84' lang='grc' dir='ltr'><strong><em>εὗρεῖν</em></strong></span> <span class='ocrx_word' id='word_1_271' title='bbox 1036 1991 1151 2042; x_wconf 76' lang='grc' dir='ltr'><strong><em>ἐστὶν,</em></strong></span> <span class='ocrx_word' id='word_1_272' title='bbox 1184 1988 1595 2058; x_wconf 78' lang='grc' dir='ltr'><strong><em>μολυβὸοκρατευτᾶς·</em></strong></span> 
     </span>
     <span class='ocr_line' id='line_1_35' title="bbox 167 2043 1597 2104; baseline -0.004 -12"><span class='ocrx_word' id='word_1_273' title='bbox 167 2068 215 2092; x_wconf 93' lang='grc' dir='ltr'><strong><em>τα</em></strong></span> <span class='ocrx_word' id='word_1_274' title='bbox 236 2050 308 2104; x_wconf 83' lang='grc' dir='ltr'><strong><em>μὲν</em></strong></span> <span class='ocrx_word' id='word_1_275' title='bbox 326 2054 429 2101; x_wconf 85' lang='grc' dir='ltr'><strong><em>Δημ.</em></strong></span> <span class='ocrx_word' id='word_1_276' title='bbox 452 2065 499 2089; x_wconf 92' lang='grc' dir='ltr'><strong><em>ου</em></strong></span> <span class='ocrx_word' id='word_1_277' title='bbox 518 2046 642 2101; x_wconf 85' lang='grc' dir='ltr'><strong><em>μόνον</em></strong></span> <span class='ocrx_word' id='word_1_278' title='bbox 666 2044 844 2100; x_wconf 75' lang='grc' dir='ltr'><strong><em>τοῦνομα</em></strong></span> <span class='ocrx_word' id='word_1_279' title='bbox 870 2065 978 2102; x_wconf 83' lang='grc' dir='ltr'><strong><em>παρα</em></strong></span> <span class='ocrx_word' id='word_1_280' title='bbox 995 2043 1134 2101; x_wconf 82' lang='grc' dir='ltr'><strong><em>Ἀριστ.</em></strong></span> <span class='ocrx_word' id='word_1_281' title='bbox 1151 2047 1253 2089; x_wconf 73' lang='grc' dir='ltr'><strong><em>ἔστιν</em></strong></span> <span class='ocrx_word' id='word_1_282' title='bbox 1272 2046 1314 2088; x_wconf 74' lang='grc' dir='ltr'><strong><em>ἕν</em></strong></span> <span class='ocrx_word' id='word_1_283' title='bbox 1333 2051 1416 2094; x_wconf 86' lang='grc' dir='ltr'><strong><em>τοῖς</em></strong></span> <span class='ocrx_word' id='word_1_284' title='bbox 1428 2043 1597 2087; x_wconf 80' lang='grc' dir='ltr'><strong><em>Ἱππεῦ-</em></strong></span> 
     </span>
     <span class='ocr_line' id='line_1_36' title="bbox 167 2101 1597 2157; baseline -0.006 -9"><span class='ocrx_word' id='word_1_285' title='bbox 167 2119 246 2155; x_wconf 86' lang='grc' dir='ltr'><strong><em>σιν,</em></strong></span> <span class='ocrx_word' id='word_1_286' title='bbox 277 2106 586 2157; x_wconf 83' lang='grc' dir='ltr'><strong><em>ἐπιπασταλίχων</em></strong></span> <span class='ocrx_word' id='word_1_287' title='bbox 608 2105 699 2156; x_wconf 83' lang='grc' dir='ltr'><strong><em>δημ.</em></strong></span> <span class='ocrx_word' id='word_1_288' title='bbox 724 2113 805 2142; x_wconf 88' lang='lat' dir='ltr'><strong>etc.</strong></span> <span class='ocrx_word' id='word_1_289' title='bbox 837 2104 931 2142; x_wconf 86' lang='lat' dir='ltr'>sine</span> <span class='ocrx_word' id='word_1_290' title='bbox 947 2103 1162 2157; x_wconf 79' lang='grc' dir='ltr'><strong><em>εἰρημένον.</em></strong></span> <span class='ocrx_word' id='word_1_291' title='bbox 1190 2101 1492 2152; x_wconf 68' lang='lat' dir='ltr'><strong><em>Amtophanu</em></strong></span> <span class='ocrx_word' id='word_1_292' title='bbox 1502 2115 1597 2140; x_wconf 84' lang='lat' dir='ltr'>ver</span> 
     </span>
     <span class='ocr_line' id='line_1_37' title="bbox 165 2155 1500 2214; baseline -0.005 -13"><span class='ocrx_word' id='word_1_293' title='bbox 165 2176 236 2201; x_wconf 89' lang='lat' dir='ltr'><strong><em>sus</em></strong></span> <span class='ocrx_word' id='word_1_294' title='bbox 259 2175 346 2202; x_wconf 88' lang='lat' dir='ltr'><strong><em>non</em></strong></span> <span class='ocrx_word' id='word_1_295' title='bbox 367 2163 495 2214; x_wconf 86' lang='lat' dir='ltr'>longe</span> <span class='ocrx_word' id='word_1_296' title='bbox 515 2158 596 2198; x_wconf 81' lang='lat' dir='ltr'><strong><em>ab⁰</em></strong></span> <span class='ocrx_word' id='word_1_297' title='bbox 585 2158 711 2198; x_wconf 82' lang='lat' dir='ltr'>mitio</span> <span class='ocrx_word' id='word_1_298' title='bbox 733 2168 797 2198; x_wconf 83' lang='lat' dir='ltr'><strong><em>est</em></strong></span> <span class='ocrx_word' id='word_1_299' title='bbox 808 2156 996 2206; x_wconf 74' lang='grc' dir='ltr'><strong><em>Ἱππέων,</em></strong></span> <span class='ocrx_word' id='word_1_300' title='bbox 1027 2167 1068 2197; x_wconf 89' lang='lat' dir='ltr'>et</span> <span class='ocrx_word' id='word_1_301' title='bbox 1090 2158 1150 2197; x_wconf 76' lang='lat' dir='ltr'>ita</span> <span class='ocrx_word' id='word_1_302' title='bbox 1175 2155 1303 2197; x_wconf 80' lang='lat' dir='ltr'>hodie</span> <span class='ocrx_word' id='word_1_303' title='bbox 1322 2156 1500 2211; x_wconf 82' lang='lat' dir='ltr'>legitur·</span> 
     </span>
     <span class='ocr_line' id='line_1_38' title="bbox 381 2210 1253 2282; baseline -0.005 -24"><span class='ocrx_word' id='word_1_304' title='bbox 381 2218 573 2258; x_wconf 79' lang='grc' dir='ltr'><strong><em>ἐπίπαστα</em></strong></span> <span class='ocrx_word' id='word_1_305' title='bbox 591 2216 715 2264; x_wconf 79' lang='grc' dir='ltr'><strong><em>λείξας</em></strong></span> <span class='ocrx_word' id='word_1_306' title='bbox 735 2211 980 2282; x_wconf 83' lang='grc' dir='ltr'><strong><em>δημιόπραθ’</em></strong></span> <span class='ocrx_word' id='word_1_307' title='bbox 1004 2211 1025 2256; x_wconf 82' lang='grc' dir='ltr'><em>ὅ</em></span> <span class='ocrx_word' id='word_1_308' title='bbox 1041 2210 1253 2267; x_wconf 78' lang='grc' dir='ltr'><strong><em>βάσκανος,</em></strong></span> 
     </span>
     <span class='ocr_line' id='line_1_39' title="bbox 381 2267 1226 2327; baseline -0.005 -13"><span class='ocrx_word' id='word_1_309' title='bbox 381 2273 507 2327; x_wconf 78' lang='grc' dir='ltr'><strong><em>ῥέγκει</em></strong></span> <span class='ocrx_word' id='word_1_310' title='bbox 527 2269 688 2324; x_wconf 83' lang='grc' dir='ltr'><strong><em>μεθύων</em></strong></span> <span class='ocrx_word' id='word_1_311' title='bbox 709 2271 752 2312; x_wconf 80' lang='grc' dir='ltr'><strong><em>έν</em></strong></span> <span class='ocrx_word' id='word_1_312' title='bbox 770 2277 873 2312; x_wconf 87' lang='grc' dir='ltr'><strong><em>ταῖσι</em></strong></span> <span class='ocrx_word' id='word_1_313' title='bbox 892 2267 1102 2323; x_wconf 76' lang='grc' dir='ltr'><strong><em>βύρσαις”</em></strong></span> <span class='ocrx_word' id='word_1_314' title='bbox 1074 2285 1226 2318; x_wconf 84' lang='grc' dir='ltr'><strong><em>υπτιος.</em></strong></span> 
     </span>
     <span class='ocr_line' id='line_1_40' title="bbox 166 2322 1597 2379; baseline -0.006 -10"><span class='ocrx_word' id='word_1_315' title='bbox 166 2332 323 2370; x_wconf 83' lang='lat' dir='ltr'><em>Pollux</em></span> <span class='ocrx_word' id='word_1_316' title='bbox 343 2338 487 2368; x_wconf 84' lang='lat' dir='ltr'>noster</span> <span class='ocrx_word' id='word_1_317' title='bbox 507 2337 644 2367; x_wconf 84' lang='lat' dir='ltr'><strong>tamen</strong></span> <span class='ocrx_word' id='word_1_318' title='bbox 665 2325 811 2365; x_wconf 81' lang='lat' dir='ltr'>scribit</span> <span class='ocrx_word' id='word_1_319' title='bbox 831 2326 1040 2379; x_wconf 76' lang='lat' dir='ltr'>praesenti</span> <span class='ocrx_word' id='word_1_320' title='bbox 1062 2326 1250 2368; x_wconf 78' lang='grc' dir='ltr'><strong><em>ἐπίπαστα</em></strong></span> <span class='ocrx_word' id='word_1_321' title='bbox 1277 2324 1435 2377; x_wconf 78' lang='grc' dir='ltr'><strong><em>λείχων,</em></strong></span> <span class='ocrx_word' id='word_1_322' title='bbox 1475 2322 1514 2362; x_wconf 78' lang='lat' dir='ltr'><strong><em>si</em></strong></span> <span class='ocrx_word' id='word_1_323' title='bbox 1538 2323 1597 2362; x_wconf 89' lang='lat' dir='ltr'>li-</span> 
     </span>
     <span class='ocr_line' id='line_1_41' title="bbox 167 2381 938 2437; baseline -0.008 -12"><span class='ocrx_word' id='word_1_324' title='bbox 167 2386 251 2426; x_wconf 87' lang='lat' dir='ltr'>bris</span> <span class='ocrx_word' id='word_1_325' title='bbox 273 2385 389 2425; x_wconf 89' lang='lat' dir='ltr'><strong>fides.</strong></span> <span class='ocrx_word' id='word_1_326' title='bbox 449 2384 513 2422; x_wconf 79' lang='lat' dir='ltr'><strong><em>Ita</em></strong></span> <span class='ocrx_word' id='word_1_327' title='bbox 534 2396 632 2437; x_wconf 83' lang='lat' dir='ltr'>ergo</span> <span class='ocrx_word' id='word_1_328' title='bbox 654 2381 824 2422; x_wconf 87' lang='lat' dir='ltr'>emenda</span> <span class='ocrx_word' id='word_1_329' title='bbox 845 2381 938 2420; x_wconf 90' lang='lat' dir='ltr'>hic:</span> 
     </span>
     <span class='ocr_line' id='line_1_42' title="bbox 377 2433 1411 2491; baseline -0.009 -10"><span class='ocrx_word' id='word_1_330' title='bbox 377 2440 570 2482; x_wconf 81' lang='grc' dir='ltr'><strong><em>ἐπίπαστα</em></strong></span> <span class='ocrx_word' id='word_1_331' title='bbox 588 2439 724 2491; x_wconf 84' lang='grc' dir='ltr'><strong><em>λείχων</em></strong></span> <span class='ocrx_word' id='word_1_332' title='bbox 740 2434 978 2490; x_wconf 83' lang='grc' dir='ltr'><strong><em>δημιόπραθ’</em></strong></span> <span class='ocrx_word' id='word_1_333' title='bbox 999 2433 1021 2479; x_wconf 82' lang='grc' dir='ltr'>ὁ</span> <span class='ocrx_word' id='word_1_334' title='bbox 1040 2434 1250 2489; x_wconf 78' lang='grc' dir='ltr'><strong><em>βάσκανος.</em></strong></span> <span class='ocrx_word' id='word_1_335' title='bbox 1307 2441 1411 2476; x_wconf 69' lang='lat' dir='ltr'><strong><em>que.</em></strong></span> 
     </span>
     <span class='ocr_line' id='line_1_43' title="bbox 274 2489 1595 2563; baseline -0.004 -26"><span class='ocrx_word' id='word_1_336' title='bbox 274 2494 319 2537; x_wconf 79' lang='grc' dir='ltr'><strong><em>τὸ</em></strong></span> <span class='ocrx_word' id='word_1_337' title='bbox 335 2495 406 2548; x_wconf 82' lang='grc' dir='ltr'><strong><em>μὲν</em></strong></span> <span class='ocrx_word' id='word_1_338' title='bbox 423 2512 498 2537; x_wconf 90' lang='grc' dir='ltr'><strong><em>ουν</em></strong></span> <span class='ocrx_word' id='word_1_339' title='bbox 516 2500 620 2547; x_wconf 87' lang='grc' dir='ltr'><strong><em>Δημ.</em></strong></span> <span class='ocrx_word' id='word_1_340' title='bbox 643 2493 796 2563; x_wconf 74' lang='grc' dir='ltr'><strong><em>ὄνομα]</em></strong></span> <span class='ocrx_word' id='word_1_341' title='bbox 837 2494 982 2533; x_wconf 83' lang='lat' dir='ltr'><em>Multo</em></span> <span class='ocrx_word' id='word_1_342' title='bbox 1011 2493 1288 2545; x_wconf 79' lang='lat' dir='ltr'>praestantius</span> <span class='ocrx_word' id='word_1_343' title='bbox 1310 2489 1434 2532; x_wconf 80' lang='lat' dir='ltr'><strong>MSS·</strong></span> <span class='ocrx_word' id='word_1_344' title='bbox 1455 2507 1503 2531; x_wconf 87' lang='grc' dir='ltr'><strong><em>τα</em></strong></span> <span class='ocrx_word' id='word_1_345' title='bbox 1525 2489 1595 2541; x_wconf 68' lang='grc' dir='ltr'><strong><em>μὲν</em></strong></span> 
     </span>
     <span class='ocr_line' id='line_1_44' title="bbox 165 2544 1595 2606; baseline -0.009 -11"><span class='ocrx_word' id='word_1_346' title='bbox 165 2571 236 2596; x_wconf 88' lang='grc' dir='ltr'><strong><em>ουν</em></strong></span> <span class='ocrx_word' id='word_1_347' title='bbox 257 2549 514 2606; x_wconf 82' lang='grc' dir='ltr'><strong><em>δημιόπρατα,</em></strong></span> <span class='ocrx_word' id='word_1_348' title='bbox 545 2548 597 2593; x_wconf 77' lang='grc' dir='ltr'><strong><em>οιῖ</em></strong></span> <span class='ocrx_word' id='word_1_349' title='bbox 616 2547 747 2603; x_wconf 80' lang='grc' dir='ltr'><strong><em>μόνον</em></strong></span> <span class='ocrx_word' id='word_1_350' title='bbox 767 2547 941 2602; x_wconf 70' lang='grc' dir='ltr'><strong><em>τοῦνομα</em></strong></span> <span class='ocrx_word' id='word_1_351' title='bbox 963 2557 1041 2588; x_wconf 85' lang='lat' dir='ltr'><strong>etc.</strong></span> <span class='ocrx_word' id='word_1_352' title='bbox 1074 2561 1179 2602; x_wconf 80' lang='lat' dir='ltr'>quae</span> <span class='ocrx_word' id='word_1_353' title='bbox 1202 2547 1262 2585; x_wconf 88' lang='lat' dir='ltr'><strong><em>sic</em></strong></span> <span class='ocrx_word' id='word_1_354' title='bbox 1289 2547 1427 2586; x_wconf 82' lang='lat' dir='ltr'>omnia</span> <span class='ocrx_word' id='word_1_355' title='bbox 1451 2544 1595 2585; x_wconf 86' lang='lat' dir='ltr'>reddi-</span> 
     </span>
    </p>
   </div>
  </div>
 </body>
</html>
