1690 2996
179 101 287 142 1666
794 97 1002 143 Χ.120

176 207 497 261 Falekenburgii
520 207 680 249 Codex.
719 206 819 249 vide
840 211 1020 251 Mennis·
1041 210 1303 276 Sophoclem,
1333 211 1425 255 ubi
1424 210 1602 268 Ἀνδρο-

174 267 270 321 με’ὄα
291 277 462 330 semper
472 264 649 317 reperio.
705 265 841 304 Aliter
871 274 1007 305 autem
1038 267 1082 306 iu
1109 266 1234 309 MSS.
1263 282 1312 307 ιο
1340 269 1384 307 in
1420 269 1601 325 vulgatis

176 325 267 374 ipsa
290 323 327 359 1
323 333 461 370 rugiet
481 319 605 359 verba
626 322 842 374 leguntur,
876 316 1111 374 αὗτοχείλεσι
1130 325 1283 374 λίθοις·
1318 323 1391 362 ubi
1417 338 1494 364 nos
1510 326 1602 364 ite-

174 391 265 417 rum
293 374 487 414 destituit
508 376 849 428 langermannuae.
888 377 1123 418 audendum
1149 388 1303 428 tamen,
1334 380 1372 418 si
1393 380 1539 420 forte
1527 395 1602 419 ιιι-

174 432 284 473 verit
301 429 501 470 audentes
516 431 702 471 fortuna.
734 431 935 472 alabastra
954 447 1038 472 non
1053 433 1196 487 inepte
1211 438 1354 484 λίθους
1363 448 1494 501 posse
1510 435 1599 475 diei

175 504 198 528 a
219 496 342 541 poeta
353 486 547 541 Tragico,
567 486 760 555 equidem
770 501 952 542 agnosco
963 489 1127 540 lubens,
1139 489 1372 544 siquidem
1361 491 1442 543 ipsi
1454 490 1600 531 Gram-

172 543 318 584 matici
337 544 496 584 λίθινον
518 540 752 610 μυροθῆκην
771 543 883 582 illam
907 558 1050 584 vocem
1071 556 1309 599 exponant,
1340 556 1381 585 et
1392 562 1512 601 αγγος
1522 563 1600 600 μυ··

175 617 251 655 ρου
271 595 326 651 μὴ
343 599 432 668 ἔχον
453 596 590 652 λαβὰς.
622 601 802 641 λίθινον
831 598 904 637 sed
924 599 1007 638 hoc
1029 599 1127 640 dato
1150 600 1252 655 quid
1274 602 1404 642 facies
1429 603 1511 642 isto
1521 615 1600 642 vo«

174 655 324 695 cabulo
346 651 592 708 αυτοχείλης,
621 654 742 694 cuius
767 654 945 693 forsitan
966 657 1160 695 nullum'
1148 671 1193 695 ιιι
1215 666 1303 696 tota
1327 658 1501 698 Graecia
1521 671 1600 697 ex-

172 721 236 750 tat
253 709 518 778 exemplum?
547 718 589 750 et
602 724 701 773 quo
722 719 846 762 pacto
865 709 1091 763 αιῖτοχείλης
1106 714 1221 762 λίθος
1238 711 1426 777 designet
1450 710 1598 767 ἀλάβα-

174 783 268 809 στον
290 764 522 817 μονόλιθον,
550 764 615 803 uti
639 765 843 817 quidem‘
832 779 923 819 ipse
945 768 1098 805 Pollux
1117 767 1306 820 exponit,
1335 771 1451 809 nulla
1470 769 1600 808 ratio-

174 837 229 861 ne
250 821 391 861 video.
419 835 544 874 porro
563 822 773 860 Pollucem
792 820 842 860 de
858 819 1050 874 ληκύθοις
1068 836 1189 877 agere
1209 824 1386 878 quisque
1398 824 1599 863 facillimo

172 877 329 925 videat,
360 890 536 929 quotum
557 889 778 939 sanequam
797 888 959 928 praeter
970 877 1157 917 instituti
1169 879 1370 918 rationem
1382 881 1494 918 nulia
1507 879 1600 920 fue·

173 934 248 973 rit
259 932 330 973 hio
359 933 470 971 facta
487 930 668 983 mentio,
697 931 732 971 si
750 933 872 972 MSS.
891 934 1114 972 lectionem
1138 932 1417 973 admittamus.
1455 934 1599 988 itaque

173 988 416 1029 necessariis
453 988 708 1041 argumentis
740 987 945 1030 adductus
975 987 1105 1030 MSS.
1142 987 1226 1028 hoe
1253 992 1350 1029 loco
1375 989 1599 1030 lectionem

175 1059 261 1083 non
284 1046 521 1096 amplector,
551 1043 776 1097 potiusque
796 1043 1034 1083 retinendas
1054 1043 1252 1084 existimo
1274 1047 1466 1109 vulgatas
1483 1042 1599 1097 ληκυε

172 1108 291 1152 θους,
321 1114 423 1153 quas
442 1099 530 1152 ipsa
549 1113 613 1138 me
631 1098 772 1138 iudice
789 1099 877 1138 loci
897 1113 1128 1152 rerumque,
1160 1098 1212 1139 de
1231 1099 1385 1154 quibus
1401 1100 1489 1152 agit
1499 1101 1614 1145 Pol.‚

172 1159 258 1208 lux,
288 1158 454 1212 sequela
477 1155 637 1207 poscit;
677 1154 757 1193 hac
777 1164 915 1194 tamen
937 1156 1100 1194 ratione
1121 1156 1362 1196 auctoritati
1381 1155 1510 1198 MSS.
1529 1156 1602 1197 ιιί-

174 1212 238 1250 hil
256 1210 486 1250 detractum
502 1210 640 1260 velim,
670 1224 846 1264 quorum
865 1219 953 1249 tum
972 1210 1134 1250 demum
1153 1211 1398 1263 scripturam
1409 1225 1599 1264 compro

174 1269 318 1306 bamus
321 1281 471 1335 ,quum
483 1266 637 1305 rationi
658 1265 853 1318 locique
840 1279 964 1318 ingen
972 1266 1012 1304 io
1027 1276 1303 1307 consentanea
1317 1276 1393 1306 est.
1425 1276 1468 1305 at
1487 1266 1599 1305 enim

174 1338 268 1362 cum
290 1319 514 1375 αὕτοχείλης
531 1335 615 1361 vox
637 1331 680 1361 et
702 1321 848 1375 ignota
867 1331 908 1359 et
927 1335 1067 1373 parum
1090 1330 1184 1374 apta
1205 1321 1411 1372 videatur,
1431 1321 1600 1363 MSSti-

170 1393 252 1432 que
270 1392 357 1418 non
379 1386 551 1439 propter
573 1379 727 1415 nullam
747 1376 950 1416 rationem
969 1379 1100 1425 λίθοις
1128 1377 1315 1427 foveant,
1346 1377 1390 1416 in
1411 1391 1501 1416 eam
1523 1377 1598 1416 in..

170 1434 321 1472 ductus
348 1447 436 1471 sum
454 1430 718 1484 opinionem,
748 1441 797 1470 ut
816 1445 1021 1470 censerem
1042 1431 1256 1484 scripsisse
1274 1435 1494 1472 Auctorem
1511 1446 1600 1472 no·-

170 1500 300 1528 strum
322 1486 569 1530 αὐτολίθοισι
586 1485 790 1540 ληκύθοις,
821 1501 900 1540 qua
919 1489 1102 1526 lectione
1122 1487 1232 1527 nibil
1253 1502 1340 1528 esse
1360 1498 1496 1541 potest
1516 1503 1600 1527 ma·
1583 1511 1607 1525 ο,

172 1546 236 1608 gis
263 1545 501 1611 appositum
530 1544 745 1597 magisque
772 1543 1029 1582 conveniens
1060 1543 1194 1597 ipsius
1215 1545 1405 1582 Polluci„
1420 1545 1601 1614 exposi-

174 1601 302 1641 tioni.
340 1598 517 1653 λήκυθος
539 1598 589 1639 de
610 1599 817 1638 alabastro
839 1597 1052 1638 commode
1074 1598 1242 1639 dicitur.
1297 1599 1467 1640 Suidas:
1498 1597 1602 1642 οἷλᾶ-

173 1660 313 1724 βαστοι
329 1656 371 1698 δὲ
391 1657 491 1699 εἰσὶν
510 1654 691 1707 ληκυθοι,
721 1670 777 1697 ων
800 1670 874 1696 ουκ
907 1655 984 1696 ἐστι
1004 1655 1216 1708 λαβέσθαι·
1245 1663 1288 1694 et
1309 1657 1599 1709 Etymologusg

170 1710 345 1765 λήκυθος
358 1714 493 1765 λιθίνη
512 1710 613 1763 πρὸς
629 1710 767 1763 μύρων
781 1705 998 1751 ἀπόθεσιν
1013 1710 1247 1780 utriusque
1266 1721 1477 1778 praeterea
1495 1711 1601 1767 figu-

171 1783 215 1808 ra
241 1768 349 1808 vasis
376 1768 479 1808 haut
507 1766 724 1806 dissimilis
753 1775 828 1805 est.
866 1775 954 1804 tum
973 1763 1186 1814 αυτόλιθος
1202 1777 1266 1805 est
1286 1763 1524 1818 μονόλιθος,
1553 1777 1603 1809 ut

173 1820 440 1877 Λῦτόμοιρον,
473 1822 535 1861 sie
556 1823 666 1861 enim
687 1819 967 1871 scribendum,
993 1836 1016 1862 e
1041 1822 1262 1889 Sophoclis
1282 1822 1447 1874 Thyeste
1464 1823 1603 1874 Sicyo-

171 1882 242 1919 nio
271 1879 503 1932 Hesychius
526 1877 824 1930 interpretatur
846 1874 1109 1929 μονόμοιρον,
1136 1886 1179 1916 et
1196 1872 1455 1930 Αὗτόκοᾱνα.
1483 1879 1602 1920 κίονα

171 1933 415 1989 μονόλιθον·
451 1932 559 1973 mihi
579 1931 748 1985 quidem
770 1933 829 1971 ita
847 1932 1116 1972 adblanditur
1135 1932 1239 1972 haee
1255 1933 1522 1981 coniectura,
1551 1943 1602 1974 ut
1657 1960 1662 1963 -

171 1991 424 2031 verissimam
453 2002 542 2030 esse
569 2002 656 2028 non
681 1987 884 2031 dubitem.
923 1989 1054 2028 fuerit
1080 1998 1218 2028 tamen
1250 1988 1391 2028 forsan
1419 2003 1529 2028 unus
1557 1998 1602 2029 et
1671 2015 1673 2018 -

172 2050 300 2099 alter,
330 2045 405 2100 qui
433 2042 667 2097 αὗτοχείλεσι
692 2044 959 2095 praetulerit·
996 2058 1080 2083 non
1105 2044 1217 2085 enim
1238 2044 1398 2094 nescio,
1424 2044 1524 2100 quid
1549 2044 1601 2084 ad

172 2103 288 2142 illam
317 2116 461 2142 vocem
498 2097 801 2140 defendendam
828 2100 964 2151 possit
986 2098 1156 2140 adferri.
1184 2098 1256 2139 sed
1276 2099 1374 2148 ille,
1403 2114 1498 2139 nam
1522 2099 1602 2141 hnc

174 2159 363 2197 similive
384 2156 435 2196 de
453 2170 496 2196 re
518 2154 710 2195 altercari
723 2167 813 2192 cum
835 2168 1044 2208 quoquam
1065 2169 1150 2194 non
1169 2154 1388 2204 constitui,
1401 2169 1478 2195 suo
1489 2155 1602 2195 frua-

173 2224 243 2252 tur
286 2213 460 2267 ingenio
497 2211 648 2265 suique
689 2209 820 2248 animi
864 2211 1084 2249 sententia.
1139 2210 1193 2250 In
1231 2210 1501 2263 sequentibus
1539 2211 1601 2250 sio
1660 2212 1662 2214 ’

173 2279 271 2309 ante
291 2283 368 2307 nos
381 2267 591 2317 edebatur,
612 2269 733 2317 δῆλον
748 2261 1019 2318 ἀλαβάστρους
1034 2268 1300 2317 μονολίθους·
1333 2278 1438 2316 quae
1450 2267 1601 2305 melius

174 2325 217 2362 in
242 2325 358 2366 MSS.
381 2333 423 2362 et
439 2334 485 2361 ut
509 2323 572 2361 illi
591 2321 848 2370 habuerunt,
881 2321 923 2358 in
944 2330 1067 2359 textu
1084 2320 1253 2388 legitur.
1291 2321 1481 2372 profecto
1503 2323 1600 2360 Pot-
1651 2348 1655 2354 -

139 2373 143 2376 ’
173 2381 302 2418 lucem
330 2381 444 2418 illam
478 2391 697 2429 usurpasse
731 2377 853 2416 vocis
883 2377 1056 2414 formam
1090 2372 1341 2428 ἇλάβαστρος
1362 2390 1483 2429 quam
1511 2376 1600 2427 ipse
1647 2380 1651 2403 ἵ

177 2434 396 2474 damnabat
415 2433 613 2473 credibile
630 2446 715 2473 non
737 2442 811 2474 est.
851 2431 1029 2470 inferius
1049 2430 1128 2471 hao
1149 2430 1201 2471 de
1225 2445 1267 2472 re
1287 2433 1407 2486 plura
1429 2432 1599 2475 notabo.

286 2491 435 2542 δῆλον]
466 2489 655 2542 δχίὁιιῖἕ.
678 2490 819 2539 δηλῶν.
878 2493 958 2531 San,

288 2549 478 2596 σπαθίὸα,
497 2546 604 2597 etc.]
636 2544 684 2586 C.
706 2544 757 2584 V.
781 2546 972 2588 σπαθίὅια
990 2551 1068 2584 etc.
1092 2548 1270 2599 ὲΚυιιιιιι.
