1690 2996
168 65 275 105 1360
777 60 844 121 Vx.
904 67 972 106 32.

279 169 510 224 ἰξόθόνης]
552 173 747 211 Εῐίηιεο.
786 172 854 212 Gl.
884 170 1038 222 ὀθόνη,
1067 175 1303 220 linteamen,
1333 175 1514 215 linteum.
1552 182 1599 216 Aet

170 228 299 268 *Vetus
335 227 667 268 Onomastieum:
697 225 871 277 ὀθόνια,
901 230 1072 270 velaria.
1112 227 1199 270 vid.
1227 227 1406 282 Hesych.
1437 229 1482 269 in
1505 227 1600 273 6θᾶ-

173 300 235 335 un.
265 283 441 323 Konna.
1291 325 1298 330 ,

287 340 325 388 ἐξ
346 336 518 390 ὀθόνης]
556 337 755 379 Additum
778 353 801 379 e
822 338 950 382 MSS.
969 341 1044 382 εἴτε
1062 341 1128 382 καὶ
1145 336 1351 394 τρίχαπτᾶν
1369 356 1406 381 τι
1427 338 1598 394 βαπτόν

172 409 282 452 quae
309 408 384 432 nec
404 394 597 432 omiserat
619 395 741 433 etiam
766 395 1085 448 Falckenburgii
1108 395 1254 435 Codex
1281 396 1477 449 optimus.
1534 397 1602 435 De

177 447 369 505 τριχάπτῳ
383 449 518 488 variae
529 459 626 488 sunt
637 459 760 504 atque
772 465 793 490 a
805 465 848 490 se
862 450 1025 491 divisae
1036 451 1369 491 doctissimorum
1384 449 1602 490 hominum

181 506 417 561 opiniones,
438 515 485 543 ut
499 503 585 543 fieri
596 506 754 544 amatiu
766 507 974 547 reincerta
988 507 1211 559 multisque
1224 506 1408 546 tenebris
1423 506 1601 546 obtecta.

179 563 450 614 scriptorum,
473 559 609 613 quiad
626 570 783 600 nostras
794 576 1018 616 pervenere
1038 575 1196 612 manus,
1220 561 1508 610 vetustissimi,
1532 561 1604 614 qui

182 617 320 657 isthoc
346 615 556 655 vocabulo
584 617 846 669 reperiuntur
874 617 962 669 usi,
1006 627 1104 656 suut
1133 619 1175 660 οἱ
1203 616 1494 672 ἐβδομήκοντα,
1530 616 1605 670 qui

182 671 351 713 reddere
368 671 410 709 id
430 674 568 710 solent
585 685 660 724 pro
684 672 870 712 Hebraea
891 687 991 712 voce
1010 684 1104 723 ηπ),
1134 673 1177 710 in
1197 674 1315 712 cuius
1337 673 1606 725 ipsiusintel-

183 731 295 768 lectu
317 741 487 780 quoque
506 725 709 765 fluctuant
727 729 832 766 sacri
853 728 1026 769 Codicis
1052 727 1323 767 eruditissimi
1352 730 1604 779 Interpretes.

184 783 255 824 sed
275 782 356 821 hoc
379 781 542 834 quidem
568 782 616 821 de
639 784 808 833 nomine
830 783 931 822 alibi
955 782 1204 833 videbimus,
1234 783 1270 821 si
1291 782 1391 836 quid
1413 784 1455 821 in
1474 786 1606 822 lucem

184 837 286 879 certi
306 847 430 890 atque
450 838 654 890 explorati
679 839 857 888 proferri
877 839 1024 892 possit,
1063 838 1332 891 Hieronymus
1361 850 1494 878 autem
1517 853 1608 876 cum

188 894 263 933 diu
285 904 325 933 et
343 893 465 932 anxie
484 907 526 931 se
544 893 800 946 quaesivisse
820 892 870 932 de
890 888 1083 950 τριχάπτῳ
1100 893 1275 944 referat,
1305 893 1470 932 tandem
1495 894 1609 932 inve·

185 950 299 989 nisse
314 948 432 998 dicit,
458 958 506 986 ut
523 948 721 1001 plurimas
736 949 849 998 alias,
881 949 938 987 ita
960 960 1001 988 et
1021 948 1130 987 hanc
1151 962 1292 987 vocem
1316 949 1491 990 aVLXX.
1515 963 1610 1001 pro·

188 1019 325 1044 cusam
349 1017 459 1050 esse,
500 1004 717 1056 viderique
747 1003 962 1059 designare
982 1003 1289 1043 subtilissimam
1314 1004 1493 1058 aliquam
1511 1015 1613 1043 tex-

188 1070 337 1108 turam,
370 1072 474 1111 quae
492 1060 601 1111 pilos
622 1069 832 1112 aequaret.
871 1061 916 1098 in
937 1061 1054 1098 euius
1072 1073 1148 1113 ego
1171 1060 1421 1098 sententiam
1445 1074 1528 1098 nou
1549 1070 1612 1099 te..

189 1130 298 1155 mere
318 1114 494 1167 pedibus
519 1130 626 1166 eam3
664 1129 756 1153 nam
783 1129 918 1167 neque
941 1131 963 1154 a
981 1111 1122 1156 LXX.'
1152 1114 1456 1169 Interpretibus
1485 1130 1614 1154 voca-

190 1172 331 1210 bulum
359 1169 463 1209 illud
495 1170 718 1210 confictum
737 1171 959 1220 existimor,
998 1185 1082 1209 non
1118 1170 1228 1210 enim
1257 1185 1308 1210 ex
1330 1171 1441 1215 istis,
1475 1171 1612 1222 credo,

189 1227 382 1265 hauserat
401 1240 489 1265 eam
513 1240 654 1265 vocem
667 1227 818 1265 Pollux
841 1237 1001 1278 noster3
1030 1240 1107 1265 nec
1125 1226 1250 1264 etiam
1274 1225 1490 1279 designare
1511 1241 1614 1266 con-

193 1281 333 1322 cedam
362 1282 673 1320 subtilissimam
698 1291 926 1331 texturam,
969 1295 1072 1335 quae
1102 1283 1169 1319 vel
1199 1281 1402 1320 tenuitate
1433 1282 1612 1334 pilorum

193 1337 389 1389 componi
410 1337 553 1389 possit.
584 1338 671 1376 abit
690 1337 733 1375 in
757 1337 1032 1376 diversissima
1054 1337 1307 1388 Hesychius,
1338 1335 1410 1389 qui
1439 1337 1613 1376 sericum

193 1393 342 1444 capitis
374 1402 656 1447 tegumentum
690 1393 891 1445 exponit,
931 1393 1072 1445 itaque
1104 1391 1261 1430 dictum
1291 1393 1460 1442 statuit,
1500 1393 1612 1445 quod

193 1448 328 1488 crines
351 1449 582 1502 contingat.
623 1463 728 1502 quae
751 1447 867 1487 vocis
895 1447 1105 1501 expositio
1130 1447 1271 1486 nescio
1296 1461 1379 1500 quo
1399 1449 1613 1488 lenocinio

193 1503 425 1557 praestanti
453 1503 691 1544 eruditione
717 1503 829 1543 viros
858 1503 909 1542 ad
936 1517 978 1542 se
1008 1502 1194 1541 traxerit.
1252 1503 1327 1542 Me
1354 1517 1448 1542 vero
1476 1504 1614 1543 iudico

192 1561 401 1612 τρίχαπτον
421 1572 464 1597 re
488 1573 583 1598 vera
605 1559 654 1599 de
673 1559 770 1612 pilis
799 1568 1062 1608 contextum,
1102 1559 1169 1597 vel
1189 1558 1332 1611 potius
1355 1561 1615 1610 complexum

194 1615 290 1656 fuit.
323 1613 500 1653 inducor
513 1614 555 1652 in
567 1629 654 1654 eam
668 1615 910 1667 opinionem
921 1613 1170 1653 auctoritate
1180 1615 1369 1651 Pollucis
1382 1614 1528 1661 nostri,
1542 1615 1613 1669 qui

194 1670 269 1710 lib.
294 1670 347 1712 Π.
395 1684 480 1710 esse
508 1667 618 1708 dixit
638 1671 787 1724 πλέγμα
806 1672 848 1712 ἐκ
867 1674 1020 1724 τριχῶν,
1052 1682 1133 1724 quo
1156 1668 1254 1722 quid
1276 1671 1440 1720 planius
1460 1669 1616 1710 deside-

195 1725 290 1766 res?
316 1740 372 1765 ex
386 1725 484 1777 pilis
501 1736 634 1765 autem
655 1726 895 1765 indumenta
909 1725 1037 1764 fuisse
1049 1734 1159 1764 texta
1174 1734 1346 1766 constat.
1378 1726 1433 1763 ita
1448 1726 1615 1778 quidem

196 1781 393 1833 Iosephus
419 1780 563 1833 Antiq.
586 1781 680 1822 Iud.
699 1782 768 1821 lib.
783 1782 861 1829 ΙΙΙ.
875 1796 961 1833 cap.
979 1779 1016 1819 5.
1033 1780 1281 1819 mentionem
1302 1781 1402 1818 facit
1421 1779 1614 1823 σινδόνων

196 1837 240 1878 ἐκ
263 1840 405 1889 τριχῶν
429 1833 687 1889 ὖφασμένων·
727 1846 767 1876 et
786 1834 1075 1885 Ἀττικώτατος,
1105 1845 1152 1873 ut
1171 1849 1262 1874 eum
1285 1838 1465 1887 appellat
1490 1838 1616 1876 Athe-

196 1907 350 1942 naeus,
384 1892 652 1931 Pherecrates
677 1891 877 1947 τριχύφων
900 1891 1131 1946 ἆμπεχόνων
1155 1890 1343 1930 meminit
1364 1891 1456 1931 istis
1480 1891 1616 1932 verbis

198 1947 245 1987 in
265 1947 508 1990 Μεταλλεῦσι
522 1962 532 1971 ·

409 2001 528 2055 κόραι
547 1999 586 2044 δ’
610 2004 651 2045 ἓν
672 2000 927 2057 οἷμπεχόναισι
946 2001 1150 2058 τριχῦφοις
1167 1999 1310 2056 ἀρτίως

410 2056 660 2111 ἡβυλλιῶσαι,
690 2060 756 2100 καὶ
772 2058 818 2100 τὰ
835 2057 935 2112 ῥόδα
954 2060 1184 2114 κεκαρμέναι
1199 2067 1277 2098 etc.

196 2112 285 2154 Ubi
302 2113 585 2152 Doctissimus
614 2116 815 2166 Interpres
835 2117 1181 2167 Βαίεσήαηιρίιιε,
1218 2127 1311 2153 nam
1347 2113 1389 2152 in
1413 2113 1619 2153 Athenaei

198 2170 310 2209 libro
330 2178 452 2208 sexto
472 2169 544 2206 isti
564 2169 822 2208 Pheret-racis
840 2168 1152 2215 versus‘extant,
1181 2183 1389 2222 perperam
1411 2169 1615 2210 reddidit:

198 2225 366 2265 Puellae
387 2224 558 2262 indutae
571 2225 700 2276 pallis
720 2229 957 2263 tennis-simo
972 2227 1052 2274 filo
1081 2227 1225 2273 texti-⁹5
1260 2223 1371 2275 quod
1405 2222 1539 2273 nihil,
1570 2234 1618 2264 ut

197 2293 315 2330 reor,
357 2279 407 2318 de
430 2279 511 2318 isto
541 2289 730 2319 texturae
762 2295 909 2334 genere
938 2281 1174 2319 resciverat.·
1230 2279 1343 2318 Pilos
1366 2279 1508 2331 itaque
1525 2295 1616 2318 eum

198 2344 362 2374 textura
382 2344 466 2372 tum
491 2338 615 2387 plexu
639 2335 764 2374 fuisse
788 2337 1039 2387 compositos
1055 2345 1189 2388 patet;
1212 2343 1259 2372 ut
1271 2334 1476 2387 τρίχαπτον
1487 2333 1618 2375 fuisse

199 2389 345 2428 ducam
375 2393 510 2429 velum
541 2389 710 2442 ailquod
746 2394 810 2430 vel
842 2390 1126 2430 indumentum
1155 2388 1436 2443 quodcunque
1464 2404 1486 2430 e
1519 2391 1617 2443 pilis

199 2447 382 2498 plexum,
415 2460 436 2483 a
457 2460 533 2500 qua
555 2445 864 2499 significatione
883 2445 1049 2498 propria
1072 2444 1323 2494 dimanavit,
1353 2445 1522 2497 opinor,
1549 2455 1618 2485 et-

199 2502 280 2539 iam
305 2499 356 2539 ad
379 2510 514 2540 textas
538 2516 560 2542 e
582 2502 677 2555 pilis
701 2511 832 2542 vestes
854 2499 1140 2556 designandas,
1169 2513 1273 2557 quac
1289 2501 1473 2555 τρίχυφοι
1487 2518 1619 2558 aveto·
