1690 2996
132 112 138 115 ’
189 113 297 153 1612
803 107 858 149 X.
915 112 1008 152 101.

187 233 293 276 γειν·
322 228 365 259 et
384 217 561 259 iterum:
591 217 688 273 ἐμοῦ
710 216 903 269 θέλοντος
926 217 1027 273 ὑπὲρ
1051 216 1236 271 ἐπιξήνου
1259 218 1412 275 ’λέγειν’
1439 222 1616 275 respon-

189 276 374 330 dentque
390 274 693 314 Acharnenses:

456 331 499 372 τί
513 326 584 373 οὖν
605 327 654 373 οὗ
672 330 794 386 λέγεις
815 328 1050 383 τούπίξηνον

459 383 668 441 ἓξενεγκῶν
683 383 840 441 θύραζ’,
870 395 950 426 etc.
1021 397 1026 401 ’

455 446 546 491 θεῖς
560 441 679 496 δεῦρο
696 441 939 492 τούπίξηνον,
967 445 1128 499 ἐγχείρει
1145 441 1286 496 lirun
1438 484 1442 488 .

192 499 348 552 illeque
358 498 494 538 'allata
522 512 683 538 mensa:
711 498 799 540 ἰδού
817 498 995 546 θεᾶσθε,
1022 498 1068 542 τό
1078 500 1448 552 (agamennonem.
1486 497 1616 539 Iuno.

301 553 370 596 καὶ
388 549 496 595 {dedu
513 555 607 606 etc.]
642 551 695 593 Il.
714 559 748 597 I.
773 557 832 595 εἰν
849 556 1019 598 ἐλεοῖσιν
1041 554 1207 610 ἔχευαν·
1245 554 1299 594 ad
1326 555 1398 594 illa
1429 555 1618 595 brevium

193 618 385 649 notarum
415 618 565 648 auctor
592 609 653 648 sic
671 623 758 648 eam
778 623 924 649 vocem
942 611 1143 664 exponit:
1181 613 1248 653 ἐπὶ
1271 611 1350 652 τῶν
1372 611 1618 666 μανειρικῶν

190 665 429 719 τραπεζίων·
451 667 662 708 δασυντέον
678 663 761 708 vimi
777 667 850 707 τοῦ
869 668 971 707 ἑλεῖν
985 677 994 686 ·
1018 665 1048 716 ἢ
1060 667 1123 708 ὅτι
1136 669 1178 716 ἐξ
1194 669 1329 708 ἑλείων
1339 663 1499 720 ῥάβδων
1515 665 1619 717 ἦσαν

190 720 454 775 πεπλεγμέναι
483 727 527 765 αἱ
552 722 781 775 μαγειρικαῖ
794 719 993 776 τράπεζαι.
1033 722 1232 775 Heoyclzii
1260 723 1329 761 illa
1364 721 1616 770 emendatio,

193 791 317 831 quam
336 774 661 828 lang-ermannus
697 777 969 830 excogitavit,
1006 778 1221 816 Palmerio
1249 791 1420 832 quoque
1446 787 1618 818 venerat

192 833 239 872 in
260 841 456 882 mentem.
493 845 732 887 quanquam
752 845 851 871 vcro
880 845 968 871 non
987 834 1111 885 plane
1136 833 1373 886 displiceat,
1404 832 1450 871 in
1466 863 1468 865 >
1483 833 1616 873 veteri

191 898 330 927 tamen
348 885 528 940 quodam
554 887 766 926 Glossario
790 886 1143 928 Graeco'eandem
1168 889 1282 928 illam
1313 887 1526 928 invenisse
1551 901 1617 927 me

192 943 419 982 lectionem
440 941 657 995 profiteor,
686 942 813 997 quod,
842 951 891 981 ut
909 953 1030 982 cante
1047 957 1131 983 rem
1151 953 1197 983 et
1217 946 1413 983 consulto
1435 957 1618 998 agamus,

192 1006 348 1038 monet.
385 1009 483 1038 sane
503 997 617 1053 quod
630 1000 869 1038 Palmerius
887 998 1032 1052 inquit
1048 997 1193 1053 λόγους
1204 999 1363 1039 vimina
1381 998 1482 1052 dici,
1511 1013 1619 1053 quae

195 1055 241 1093 in
261 1053 517 1107 palustribus
541 1053 647 1094 locis
671 1063 870 1104 crescant,
902 1055 1012 1093 tanti
1033 1068 1119 1095 non
1147 1063 1223 1106 est,
1261 1063 1310 1094 nt
1335 1053 1431 1096 ideo
1458 1066 1619 1094 mutare

192 1110 319 1150 velim
346 1109 484 1161 ὄρους·
525 1123 621 1148 nam
660 1109 817 1150 vimina
845 1109 891 1148 in
925 1124 1180 1164 quocunque
1207 1110 1480 1164 provenerint
1506 1114 1616 1156 loco,

191 1180 266 1205 seu
284 1165 462 1218 palustri
489 1178 563 1205 seu
583 1175 809 1215 montano,
848 1166 1107 1219 proveniunt
1131 1175 1266 1206 autem
1297 1180 1383 1205 non
1408 1166 1544 1205 minus
1571 1165 1616 1204 in

191 1219 406 1261 montibus
427 1234 547 1275 quam
564 1220 610 1258 in
633 1220 869 1275 paludibus,
908 1219 1018 1274 λύγοι
1045 1220 1246 1261 dicuntur
1271 1236 1295 1260 a
1325 1221 1509 1261 Graecis.
1545 1220 1618 1261 sed

192 1275 361 1330 gravius
381 1285 516 1330 urget,
546 1276 661 1330 quod
680 1275 732 1316 de
749 1277 983 1316 notationis
1001 1278 1164 1316 ratione
1181 1277 1362 1330 protulit
1377 1275 1429 1315 ad
1449 1276 1616 1329 opinio-

193 1345 290 1370 nem
327 1344 443 1369 suam
480 1330 717 1370 firmandam
746 1332 1095 1383 [unger-mannus:
1133 1330 1247 1385 quod
1287 1345 1410 1371 omne
1437 1333 1615 1371 forsitan

193 1384 373 1437 eludam,
399 1385 437 1424 si
458 1383 606 1426 dixero
625 1395 782 1426 retenta
800 1387 983 1427 lectione
1002 1389 1171 1441 vulgata
1191 1387 1473 1443 etymologiae
1490 1388 1617 1426 ratio-

192 1455 288 1481 nem
310 1439 586 1493 quaerendam
615 1455 703 1482 esse
727 1441 774 1480 in
806 1443 1053 1495 ληφθέντων.
1090 1442 1255 1482 scilicet
1273 1444 1540 1496 Etymologus
1572 1452 1616 1483 et

192 1497 445 1535 Eustatlzius
482 1510 627 1537 vocem
668 1497 782 1536 illam
821 1513 844 1537 a
873 1497 1122 1551 quibusdam
1151 1496 1324 1537 tradunt
1346 1499 1615 1549 δασυνθῆναι,

194 1550 310 1606 quod
328 1551 595 1592 derivandam
616 1562 826 1604 censeant,
863 1551 946 1595 duo*
970 1554 1042 1596 τοῦ
1066 1555 1167 1595 ἑλεῖν
1197 1554 1264 1596 καὶ
1289 1551 1438 1608 κόψαι·
1472 1551 1541 1607 ἐφ’
1566 1555 1615 1598 οὗ

191 1605 386 1651 κόπτουσι
401 1606 450 1649 τοὶ
466 1608 585 1661 κρέα·
616 1607 724 1648 idem
744 1608 849 1648 illud
870 1611 972 1652 ἑλεῖν
998 1617 1063 1649 est
1077 1608 1295 1662 λαμβάνειν
1308 1622 1319 1633 ·
1349 1609 1454 1648 hinc
1473 1611 1615 1665 itaque

191 1661 316 1713 ἐλεόν,
345 1678 485 1703 mensa
506 1666 763 1717 coquinaria,
801 1665 916 1718 quod
943 1665 1000 1704 sit
1026 1666 1218 1704 confecta
1246 1679 1271 1705 e
1298 1665 1543 1717 viminibus,
1571 1669 1616 1708 ἐκ

189 1717 317 1772 λόγων
335 1720 570 1773 ληφθέντων
597 1721 639 1770 ἐξ
664 1719 802 1773 ὄρους’
840 1720 922 1760 hoc
948 1729 1073 1773 pacto
1106 1718 1278 1760 defendi
1309 1735 1431 1773 posse
1459 1721 1613 1761 editam

189 1775 392 1827 Hesycltii
408 1776 630 1815 lectionem
651 1775 876 1823 existimo;
899 1790 1146 1830 quanquam,
1169 1775 1253 1814 nisi
1273 1789 1338 1815 me
1360 1776 1484 1815 istius
1494 1777 1614 1815 Glos-

190 1833 298 1870 sarii
322 1830 413 1869 MS.
437 1831 678 1870 retinuisset
705 1832 946 1883 auctoritas,
976 1829 1087 1870 haud
1109 1830 1349 1870 dubitanter
1376 1844 1441 1869 me
1467 1832 1613 1870 erudi-

190 1885 446 1925 tissimorum
465 1884 682 1924 hominum
702 1887 935 1926 sententiae
953 1887 1083 1926 fuisse
1103 1899 1357 1925 accessurum
1385 1885 1609 1928 confiteor:

189 1940 262 1981 sed
286 1943 427 1994 regula
449 1940 654 1979 tutissima
672 1950 734 1980 est
757 1941 802 1979 in
823 1952 910 1982 arte
925 1943 1098 1992 critica,
1129 1955 1214 1981 non
1234 1942 1306 1981 ina
1327 1941 1480 1992 omnia,
1505 1956 1611 1996 quae
1650 1943 1655 1946 ’

188 1996 312 2036 nobis
332 1999 479 2046 latent,
510 1995 700 2047 protinus
724 2010 813 2049 esse
843 1995 1110 2047 emendanda,
1150 2011 1269 2052 quam
1301 1995 1337 2036 si
1363 1997 1612 2050 pensicula-

188 2052 272 2092 tius
294 2050 527 2090 doctissimi
555 2050 636 2089 viri
660 2051 704 2089 in
737 2052 956 2092 elimandis
978 2062 1020 2092 et
1047 2051 1259 2105 poliendis
1289 2061 1476 2092 veterum
1505 2054 1612 2092 scri-

187 2109 273 2162 ptis
296 2105 585 2151 attendissent,
617 2105 730 2144 haud
749 2107 942 2158 profecto
970 2115 1130 2146 tantum
1149 2116 1258 2148 esset
1275 2107 1320 2146 in
1338 2106 1393 2145 iis
1413 2108 1611 2148 tenebra-

186 2178 292 2206 rum.
331 2177 417 2202 non
446 2162 557 2201 enim
586 2161 710 2200 facile
736 2160 871 2208 dicas,
912 2162 1014 2218 quid
1050 2163 1182 2216 magis
1208 2162 1406 2202 nocuerit·
1431 2165 1608 2204 vetustis

185 2217 478 2272 scriptoribus,
506 2216 826 2256 librariorumne
844 2217 1024 2264 inscitia,
1043 2231 1096 2256 an
1125 2216 1459 2258 doctissimorum
1481 2219 1605 2260 etiam

175 2274 404 2313 'hominum
431 2271 644 2312 temeraria
663 2271 852 2311 mutandi
870 2271 1019 2312 libido.
1056 2271 1123 2315 Ab
1150 2273 1243 2312 istis
1263 2275 1387 2321 ἐλεοῖς
1403 2270 1608 2324 ἕλεοδι’τσς

186 2329 323 2369 dictos
342 2328 803 2375 observatEustathius,
831 2327 905 2381 qui
924 2342 1074 2368 coenas
1095 2338 1277 2381 captant,
1295 2338 1336 2368 et
1354 2327 1406 2368 ad
1427 2330 1606 2370 aliorum

184 2399 228 2424 se
243 2398 404 2424 mensas
424 2383 659 2437 applicant;
689 2397 795 2439 qnae
813 2382 955 2423 hausit
976 2383 1047 2424 ine
1066 2397 1118 2424 ex
1130 2384 1356 2428 Athenaeo,
1412 2385 1491 2425 Sed
1510 2399 1607 2439 por-

184 2440 307 2481 ro-ad
331 2440 426 2482 alia.

291 2499 333 2538 ἐν
352 2499 413 2536 M·
431 2495 674 2549 Μεσσηνίᾳ]
703 2493 794 2537 MS.
813 2492 926 2548 napo?
943 2491 1167 2548 Μενάνδρῳ
1189 2497 1230 2538 ἐν
1248 2498 1451 2551 Μεσηνίᾳ-
1507 2497 1605 2536 SER-

290 2553 332 2594 ἐν
350 2557 416 2595 M.
431 2553 673 2607 ΛΔεσσηνίᾳ]
717 2551 763 2595 C.
794 2553 844 2596 V·
872 2554 967 2605 περὶ
981 2547 1202 2607 Μενάνδρῳ
1226 2554 1268 2595 ἐν
1284 2554 1497 2607 Μεσσηνίᾳ
1511 2567 1522 2579 ·
1551 2552 1604 2592 Ο.-
