1716 3016
196 123 279 169 982,
811 121 886 163 IX.
946 125 1012 166 60.

200 233 244 272 in
265 245 347 288 quo
368 235 556 286 sculptus
571 233 699 273 fuerit
719 235 879 284 Battus,
894 233 964 290 qui
983 233 1061 273 hac
1079 247 1262 290 regnum.
1275 236 1400 275 altera
1419 233 1619 288 silphium

200 302 222 327 a
243 289 412 327 civitate
430 289 659 342 acciperet:
689 291 897 343 posterior
922 299 1080 340 autem,
1109 301 1159 328 ut
1192 290 1401 342 Cyrenaei
1421 290 1508 344 regi
1540 303 1619 328 suo

198 344 568 383 redhostimentum
597 345 804 397 quoddam
836 345 1004 385 virtutis
1034 345 1317 399 impensique.
1354 344 1542 385 detinetis
1574 345 1618 383 in

197 400 374 451 Libyam
397 399 574 450 civibus,
591 401 745 440 laboris
765 401 1022 450 exhiberent,
1049 401 1277 455 imaginem
1292 401 1356 439 ini
1379 414 1618 452 suspensam

198 457 328 494 fuisse
351 465 502 501 narrat,
532 455 576 493 in
591 470 671 509 qua
693 456 789 495 duci
811 455 948 496 blaeso
968 457 1226 509 laserpitium
1239 455 1508 510 offerresgrati
1521 469 1618 494 con·

200 510 486 564 spieiebantur
522 511 645 551 cives.
688 527 815 551 unum
843 514 1082 552 Aristotelis
1109 514 1247 551 locum
1278 511 1466 552 diversae
1492 509 1619 549 hui-us

198 567 414 620 utriusque
439 566 657 605 relationis
684 581 772 607 esse
805 568 991 620 fontem,
1021 565 1214 620 equidem
1234 581 1318 607 non
1337 566 1509 606 dubito:
1545 565 1617 605 sed

199 625 327 661 altera
342 630 434 660 utra
449 621 614 662 tandem
631 622 741 676 apud
760 637 837 662 nos
854 622 976 662 fidem
986 623 1132 663 mereri
1149 623 1342 663 maiorem
1361 620 1560 675 oportet?
1579 622 1619 671 *)

199 677 408 731 posterior
438 686 549 717 certe
575 691 671 730 prae
703 679 852 732 prima:
892 693 1010 729 nam,
1040 688 1088 717 ut
1115 677 1252 724 dicam*
1278 677 1392 732 quod
1419 691 1532 717 meae
1557 685 1619 716 est

198 735 249 772 in·
268 732 345 771 hac
365 747 409 772 re
428 735 681 786 sententiae,
719 747 841 773 cusos
873 748 963 774 esse
993 749 1016 773 a
1039 733 1352 787 Cyrenensibus
1371 733 1490 774 Batti
1510 733 1619 771 ima-

198 789 297 843 gine
314 796 502 827 num-mos
527 789 712 844 insignes
733 788 842 828 haud
864 804 1083 844 sanequam
1115 788 1253 829 credo.
1298 789 1372 843 qui
1395 796 1492 828 ante
1508 788 1618 828 Peo-

196 846 368 883 Amnem
393 844 511 884 fuere
532 845 742 898 percussi,
770 847 983 884 Ammonis
1014 844 1197 884 habuere
1217 846 1269 884 ab
1289 844 1390 895 hac,
1419 843 1468 882 ab
1490 846 1615 883 altera

197 913 301 940 vero
327 908 443 952 parte
470 898 621 952 silphii
651 900 850 955 figuram=
890 913 1026 954 neque
1064 899 1207 939 decuit
1231 900 1374 948 aliter,
1407 898 1615 952 siquidem

195 956 377 996 Ammon
397 956 585 994 tutelaris
605 955 690 994 fuit
710 956 842 994 totius
860 955 1024 1008 Libyae
1043 956 1163 995 Deus
1175 983 1194 1003 ,
1217 964 1262 994 et
1275 958 1475 994 tutelares
1492 968 1617 1007 prae-

195 1012 318 1063 eipue
339 1010 525 1064 regionis
543 1011 661 1050 Deos
679 1010 725 1049 in
740 1010 870 1050 libera
894 1011 1067 1063 tyranni
1088 1011 1189 1066 iugo
1211 1009 1425 1064 republica
1440 1009 1616 1048 nummis

194 1065 376 1118 imprimi
402 1066 549 1104 solitos
568 1075 748 1111 constat,
787 1066 848 1105 sic
868 1065 1147 1106 Athenienses
1166 1069 1400 1105 Minervam
1415 1065 1532 1114 huic,
1559 1067 1618 1104 al-

176 1122 271 1161 'teri
290 1134 386 1160 vero
399 1135 658 1160 nummorum
678 1122 787 1174 parti
804 1131 1001 1161 noctuam
1020 1121 1228 1161 habebant
1244 1122 1512 1174 insculptam.
1553 1134 1615 1160 re·

194 1186 258 1217 ete
280 1177 423 1230 itaq-ue
442 1177 600 1216 Surdas
619 1186 661 1217 et
678 1178 904 1229 Hesychius
924 1177 968 1216 in
996 1174 1148 1219 Βάττου
1171 1180 1352 1230 σίλφιον,
1380 1175 1479 1219 ὥστε
1491 1175 1558 1218 καὶ
1574 1177 1615 1218 ἐν

193 1236 248 1289 τῷ
263 1236 470 1285 νομίσματι
493 1231 595 1275 ὅπου
624 1233 693 1286 μὲν
703 1232 913 1286 Ἄμμωνα,
943 1230 1046 1275 ὅπου
1067 1234 1108 1275 δὲ
1130 1235 1290 1285 σίλφιον
1307 1229 1611 1288 ἕνκεχαρᾶχθαι·

194 1299 237 1328 et
267 1302 372 1341 quae
401 1287 655 1340 praecedunt
681 1289 883 1341 ,He-sychii
914 1289 1036 1328 verba
1067 1302 1153 1327 non
1184 1288 1346 1342 integra
1375 1287 1545 1342 quidem
1565 1301 1614 1328 ac

193 1353 328 1395 recta,
356 1343 498 1382 multis
523 1352 659 1383 tamen
689 1343 823 1383 modis
845 1343 1000 1383 eruditi
1026 1343 1217 1383 homines
1239 1352 1536 1396 corruperunt:
1565 1351 1615 1385 ut

192 1407 283 1438 tute
300 1397 441 1438 videas
454 1412 630 1451 ponam:
662 1396 812 1441 Βάττου
830 1402 1003 1452 σίλφιον,
1017 1401 1207 1452 παροιμία
1223 1400 1287 1441 ἐπὶ
1306 1403 1385 1440 τῶν
1400 1396 1470 1448 τὰς
1487 1396 1614 1451 ὕπερ-

192 1453 407 1509 βαλλούσας
433 1452 548 1506 τιμᾶς
570 1451 883 1509 εὑρισκομένων·
921 1452 1194 1506 μετενήνεκται
1218 1454 1261 1496 δὲ
1279 1450 1355 1496 oin&
1378 1458 1452 1497 τοῦ
1474 1458 1613 1508 Κυρη-

190 1512 329 1560 ναίους
344 1510 403 1553 ἕνὶ
420 1513 499 1552 τοῖν
517 1514 742 1554 Βαττιαδῶν
757 1509 994 1565 μεταδοῦναι
1019 1512 1214 1566 ἐξαίρετον
1230 1508 1275 1554 τό
1293 1513 1451 1564 σίλφιον
1472 1508 1497 1554 3
1512 1510 1613 1554 ἐσιτέ-

279 1709 313 1749 *5
345 1708 614 1744 Disconvenire
640 1721 734 1756 quae
758 1710 925 1745 referunt
942 1711 1088 1757 utrique
1110 1712 1360 1757 Aristophani»
1375 1711 1612 1745 commenta-

190 1762 288 1789 tores
306 1755 537 1789 verissimum
557 1761 630 1797 est3
654 1761 850 1803 utramque
875 1758 1122 1791 narrationem
1143 1769 1185 1792 ex
1203 1768 1277 1792 uno
1293 1755 1493 1790 Ari-rocceio
1512 1755 1609 1797 loeo,

192 1800 295 1835 cuius
313 1806 435 1833 rectus
452 1801 618 1834 alterutri
639 1812 765 1835 sensus
784 1813 826 1836 ex
844 1802 968 1836 animo
996 1804 1203 1847 effluxerat,
1227 1813 1304 1836 esse
1325 1801 1527 1836 derivatam
1544 1811 1613 1846 per

190 1846 283 1879 mihi
302 1845 445 1878 videtur
461 1846 650 1890 probabile
659 1854 808 1891 propter
823 1848 985 1882 rationes
1006 1860 1026 1882 a
1045 1860 1104 1882 me
1123 1849 1260 1882 allatas.
1293 1847 1324 1882 si
1342 1846 1424 1892 quis
1441 1846 1480 1880 in
1493 1846 1610 1880 diver-

190 1902 268 1925 sam
282 1890 431 1934 pedibus
450 1891 558 1924 iverit
575 1893 806 1935 sententiam,
825 1903 891 1926 suo
911 1893 948 1926 id
967 1894 1079 1929 faciet
1093 1894 1362 1934 arbitratu‚neo
1379 1890 1487 1925 nobis
1504 1891 1608 1924 valde

190 1936 326 1970 invitis.
373 1936 473 1969 Batti
495 1936 653 1981 imagine
672 1948 840 1972 nummos
861 1937 1054 1982 impressos
1071 1940 1180 1973 credo
1200 1938 1323 1972 nullos
1339 1936 1449 1971 hodie
1467 1941 1605 1970 extare:

189 1980 423 2026 reperiuntur
442 1986 588 2025 tamen,
613 1981 677 2026 qui
692 1983 736 2016 ad
752 1983 853 2016 bovis
873 1982 1011 2020 dimidii
1031 1985 1188 2029 figuram
1204 1983 1302 2018 Batti
1321 1991 1454 2016 nomen
1473 1981 1609 2016 adscri-

188 2033 295 2073 ptum
311 2026 542 2072 praeferunt,
568 2037 634 2060 seu
652 2027 712 2061 hic
729 2029 888 2062 veterior
905 2029 968 2064 ille
987 2032 1116 2064 Battus
1135 2029 1198 2068 sit,
1233 2038 1295 2062 seu
1311 2027 1443 2073 aliquis
1463 2038 1505 2060 ex
1529 2027 1607 2061 eius

188 2072 356 2118 posteris.
389 2071 469 2105 vide
492 2072 689 2106 Eruditiss.
709 2075 755 2108 le.
788 2075 938 2106 roscium
961 2076 1007 2109 ad
1030 2075 1150 2108 Melae
1174 2075 1238 2109 lib.
1259 2075 1289 2110 Ι.
1307 2085 1339 2108 e.
1360 2078 1394 2112 8.
1418 2073 1483 2107 ubi
1505 2083 1605 2114 sane,

189 2117 288 2164 quod
312 2117 464 2164 gaudeo,
487 2117 533 2150 ab
558 2117 732 2161 opinione
751 2125 876 2152 nostra
891 2130 969 2153 non
983 2120 1172 2154 abhorret:
1196 2118 1327 2153 statuit
1343 2117 1440 2152 enim
1450 2118 1608 2164 figuram

189 2170 383 2197 cornutam
399 2161 508 2196 istius
524 2162 679 2204 nummi,
705 2174 814 2208 quem
843 2164 1035 2198 §ulmaeiuae
1054 2166 1101 2199 ad
1118 2165 1271 2198 solinum
1280 2163 1466 2216 produxit,
1489 2164 1608 2196 Alea·—

190 2211 294 2241 andri
307 2219 397 2248 esse,
421 2214 483 2241 aut
502 2207 690 2241 cuiusdam
707 2217 748 2241 ex
768 2209 843 2242 eins
862 2211 1145 2244 successoribus.
1190 2211 1382 2244 Nemmem
1397 2207 1606 2252 indignatu-

189 2265 274 2287 rum
294 2264 415 2299 sper0,
438 2253 535 2297 quod
556 2253 768 2285 Ptolomaeus
788 2254 1010 2299 scripserim,
1035 2267 1119 2289 cum
1139 2254 1358 2298 Πτολεμαῖοι
1375 2253 1528 2287 Graecis
1547 2252 1606 2285 df-

190 2305 330 2333 cantur.
350 2310 438 2332 nam
453 2298 506 2331 ita
519 2297 728 2342 saepissime
743 2298 781 2331 in
801 2299 998 2334 Codicibus
1019 2299 1180 2345 antiquis
1198 2306 1233 2333 et
1252 2298 1470 2333 editionibus
1486 2300 1606 2332 ernen-

189 2344 385 2377 elatissimis
403 2349 592 2378 exaratur:
617 2349 658 2377 ut
675 2354 750 2377 non
765 2344 925 2378 nesciam
948 2346 1166 2388 Conringium
1194 2345 1289 2379 hano
1308 2344 1356 2377 ob
1383 2354 1532 2377 causam
1558 2343 1604 2376 ab

188 2389 434 2423 eruditissimo
452 2389 526 2423 eius
548 2388 756 2423 adversario
785 2389 884 2424 male
908 2390 1020 2423 fuisse
1039 2396 1246 2436 acceptum.
1294 2389 1365 2423 Sed
1382 2388 1423 2422 in
1442 2388 1604 2421 Scholia-

188 2443 262 2467 εἰπε
285 2436 414 2467 veteris
444 2434 529 2468 loco
557 2434 625 2468 etsi
651 2446 726 2467 non
749 2434 795 2467 sit
814 2433 1047 2469 incommoda
1064 2447 1146 2469 mea
1166 2433 1382 2475 emendatio,
1408 2432 1529 2466 minus
1547 2439 1604 2467 tn-

187 2491 276 2513 men
294 2491 362 2513 nos
381 2491 401 2512 a
412 2491 498 2513 vera
511 2479 667 2514 lectione
682 2478 871 2513 abfuturos
891 2486 992 2524 puto,
1005 2481 1034 2514 si
1045 2491 1262 2525 reponamus
1285 2475 1345 2514 Ta}
1367 2478 1580 2523 Πτολεμαίου
1592 2487 1603 2497 ·

186 2525 339 2565 &vincig-
363 2535 454 2570 opus
472 2525 569 2560 enim
587 2536 665 2560 non
689 2530 762 2570 est,
795 2532 835 2561 ut
853 2535 957 2561 casus
981 2526 1142 2572 praecise
1160 2525 1396 2561 concordent.
1443 2526 1502 2560 Ex
1530 2527 1604 2560 Aa*

185 2572 315 2605 detuli-s.
