1690 2996
131 154 152 193 1
161 153 240 194 126
755 150 832 191 lx.
885 156 951 196 96.

130 259 270 316 κύβοις
286 261 503 315 τρημάτων,
530 263 757 316 τρηματίται
780 262 955 319 ἐλέγοντο
969 277 980 290 ·
1008 261 1196 320 παράγων
1218 259 1286 307 οιαὶ
1301 268 1443 320 χρῆσιν
1463 263 1548 307 203-

129 334 283 370 φρονος
299 317 357 367 τὸ,
388 315 599 371 δειπνήσας
621 315 816 368 ὠστίζεται
832 326 915 369 τοῖς
934 321 1267 374 τρηματιζόντεσσι
1282 343 1334 352 -
1354 321 1427 360 abi
1447 327 1551 375 q'uo-'

133 387 213 426 que
235 382 415 426 utroque
437 377 533 413 loco
554 374 852 414 emendandum
873 374 1052 426 videtur,
1082 386 1131 416 ut
1148 375 1253 427 dixi,
1282 379 1548 431 τρηματὶκται,

131 429 494 537 ‘iv⁸3⁹1'²‘‡2“²0f'‘'3‡
512 439 555 538 εἷ
572 428 1141 528 ἱὲιῖἷῑῖιῖἰίἱὲἒῗῗῗιέξῖῗ·
1186 437 1404 527 ,ἷῗῗὶωω
1424 437 1534 527 miss

409 503 442 527 τι
494 503 533 526 αι
1130 503 1168 526 m
1250 503 1276 526 u
1536 516 1545 527 .

130 502 403 592 τρηματίἕτατ,
433 503 552 595 (iilam
581 540 638 580 ita
669 541 937 595 scriptionem
965 541 1186 597 adgnoscit
1214 537 1382 597 quoque
1401 542 1546 582 Codex

132 595 567 647 Falckenburgianus:
607 610 741 649 neque
773 611 871 637 vero
894 597 954 636 sic
985 597 1284 637 restituendum
1310 597 1352 636 in
1374 599 1549 637 Polluce

131 651 246 704 fugit
266 651 570 691 eruditissimos
599 650 810 698 homines.
843 653 1098 691 Salmasium
1122 654 1292 708 inquam
1317 653 1366 692 ad
1396 654 1548 705 Vopis-

131 720 249 758 cum,
286 715 329 746 et
355 707 584 747 Mean-ium
616 706 667 747 de
686 708 821 746 Ludis
848 708 1123 758 Graecorum,
1152 721 1256 762 quos
1283 717 1484 763 protenus
1506 717 1548 748 et

131 761 204 800 alii
223 771 321 801 sunt
345 762 500 806 secuti.
531 760 600 803 sed
620 762 731 817 quod
752 762 877 802 iidem
899 763 942 801 in
967 764 1190 803 Eustathio
1208 766 1443 818 τρηματίτην
1461 778 1553 803 mu·-

130 827 262 856 tatum
289 817 425 857 velint
450 818 495 856 iu
521 821 807 872 τρηματίκτην,
840 831 926 857 non
947 818 1136 872 equidem
1161 819 1311 872 probo,
1343 818 1546 874 siquidem

131 882 174 911 et
197 871 308 912 illam
325 873 594 927 scriptionem
617 874 833 928 analogiae
849 873 969 926 sequi
987 887 1170 912 normam
1188 877 1468 927 exemplorum
1483 883 1551 915 est-

130 927 298 977 abunde
323 928 368 967 in
394 930 606 980 Kudmio,
650 942 755 981 quae
788 926 978 981 probent.
1026 927 1272 982 μνημονικὸν
1296 937 1360 969 eet
1384 930 1549 982 Hydaa'

130 979 360 1037 ἇμᾶρτημα,
397 983 470 1037 qui
509 987 765 1038 τρηματιῆται
796 997 853 1023 ex
888 984 1113 1022 Eustatlzio
1143 983 1335 1024 adducat.
1390 984 1548 1023 Latine

129 1052 253 1078 voces
268 1040 609 1091 punctularium.
638 1038 752 1093 quod
772 1038 816 1076 in
838 1047 994 1092 puncta
1011 1038 1144 1088 ludat,
1173 1039 1300 1079 aienti
1318 1039 1363 1078 in
1389 1039 1552 1079 Gloaeeia'

127 1093 251 1133 MSS.
266 1095 631 1158 ‘Graeco-Latinis
651 1096 908 1150 τρηματίτην,
940 1108 1035 1134 nam
1055 1106 1098 1135 et
1115 1095 1175 1135 ita
1194 1094 1256 1134 ibi
1274 1093 1544 1146 scribebatur,

129 1160 368 1203 expositum
388 1150 536 1203 reperi.

241 1207 471 1259 σκιραφεῖα]
510 1207 547 1245 Ε
575 1205 663 1249 MS.
694 1221 787 1246 eum
813 1220 900 1246 non
919 1205 1041 1247 aliter
1064 1205 1177 1247 Suid.
1201 1219 1370 1262 quoque
1393 1215 1435 1248 et
1451 1205 1552 1248 aliia¹

127 1260 257 1315 prior.
276 1261 375 1302 edit.
400 1264 614 1317 Σκιραφία.
668 1267 747 1304 San.

239 1318 481 1371 σκιραφεῖα]
513 1318 560 1358 C.
590 1317 640 1356 A.
661 1322 900 1371 Σκηραφεῖς.
940 1315 1244 1370 ιιιιᾶεεῑιερίοοι·
1270 1315 1403 1356 fuisse
1429 1317 1543 1360 olim.

128 1379 334 1425 σκιραφεῖς
351 1373 394 1414 δὲ
411 1376 453 1416 οἱ
470 1374 654 1427 κυβευταὶ
664 1403 676 1422 ,
704 1375 768 1415 καὶ
784 1372 994 1427 σκιροῖφεια
1007 1371 1055 1414 τὰ
1072 1369 1320 1425 κυβευτήρια.
1349 1373 1544 1415 Eustath.

127 1428 173 1468 in
193 1429 400 1480 Rhapsod.
416 1430 448 1471 Ῑ.
470 1429 613 1482 Odys-⁹.
637 1431 825 1483 σκίραφοι
844 1438 941 1468 sunt
953 1428 1092 1468 omnia
1110 1427 1269 1467 fraudis
1281 1437 1323 1469 et
1334 1429 1544 1468 versutiae

126 1483 479 1536 machinamenta,
518 1484 631 1540 quod
666 1498 714 1525 ea
753 1486 798 1524 in
833 1487 1077 1536 σκιραφείοις
1112 1483 1302 1524 adhiberi
1341 1484 1543 1524 solebant.

127 1537 350 1593 ὠνόμασται
365 1539 481 1580 abest
498 1554 519 1579 a
542 1541 589 1580 C.
611 1540 663 1582 A.
685 1550 728 1581 at
750 1541 797 1582 C.
819 1541 869 1580 V.
892 1537 1122 1593 ὦνομᾶσθῃ.
1156 1540 1286 1581 Salm.
1305 1542 1389 1595 leg.
1410 1552 1543 1596 σκιρα-

128 1601 219 1650 <pets
236 1594 291 1645 δὲ,
321 1594 391 1635 sed
416 1595 583 1635 damnat
601 1596 721 1635 istam
739 1596 977 1636 lectionem.
1033 1602 1183 1634 Kunnu.

239 1653 471 1705 σκιραφεῖα]
503 1652 596 1692 MS.
631 1666 823 1705 σκιραφια
845 1652 956 1702 (εἰη-θ
975 1653 1164 1701 accentu)
1191 1651 1234 1693 δὲ
1256 1647 1305 1693 τοὶ
1328 1654 1416 1706 κυβ.
1436 1649 1549 1694 nivo--

126 1705 289 1762 μάσθη,
320 1703 370 1748 δι’
390 1705 466 1749 ὅτε.
525 1704 634 1750 Sane
651 1716 731 1746 tam
754 1705 966 1762 uniquique,
999 1720 1119 1762 quam
1139 1712 1372 1760 σκιραφεῖα,
1404 1716 1449 1747 ut
1467 1709 1544 1747 Se..

126 1764 244 1802 ber-ue
262 1776 317 1801 ex
343 1763 521 1806 squS.
543 1762 689 1813 edidit,
700 1773 856 1803 rectum
868 1773 988 1817 puto,
1017 1771 1066 1802 ut
1085 1772 1126 1803 et
1142 1775 1266 1816 supra
1278 1762 1372 1802 dixi
1383 1763 1544 1818 ad-VII,

126 1817 223 1863 205.
252 1817 324 1856 ubi
344 1819 439 1858 MS.
461 1818 672 1873 σκειράφια
694 1818 884 1859 habebat.
939 1825 1045 1857 Iuno.
1095 1842 1098 1844 -
1440 1844 1441 1847 =

237 1874 474 1929 σκιραφεῑα]
503 1875 601 1914 Non
623 1888 709 1913 uno
731 1874 855 1913 modo
877 1873 986 1913 hano
1006 1886 1082 1928 ego
1105 1886 1248 1913 vocem
1269 1875 1432 1928 reperio
1445 1875 1544 1914 seri·

126 1939 265 1984 ptam.
298 1938 359 1968 eat
378 1931 488 1969 enim
517 1928 762 1982 Σκειρᾶφια,
793 1938 835 1968 et
854 1928 1071 1982 Σκιράφια,
1102 1928 1215 1982 quod
1237 1928 1294 1968 ita
1313 1930 1449 1970 textui
1473 1945 1546 1971 re-·

125 1984 248 2024 atitui
275 1997 398 2036 supra
427 1985 524 2034 VII,
555 1985 646 2025 203.
692 1984 768 2025 ubi
795 1994 968 2024 accentu
988 1987 1095 2023 malo
1116 1993 1306 2023 notatum
1327 1984 1544 2038 legebatur

124 2041 328 2094 Σκιραφὶα
340 2053 350 2063 ·
379 2039 450 2079 hic
469 2041 512 2078 in
528 2039 901 2086 editionibustante
919 2041 1106 2078 Seberum
1118 2039 1293 2085 excusis,
1317 2044 1542 2095 Σκηραφία,

125 2109 202 2150 pro
214 2109 296 2149 quo
309 2095 494 2134 Kuelmio
507 2096 744 2134 restitutum
758 2092 980 2149 Σκιρᾶφεια
992 2109 1002 2121 ·
1032 2093 1255 2146 et'quidem
1268 2095 1384 2134 iatam
1397 2110 1541 2136 accen-

124 2161 193 2191 tus
206 2149 459 2202 positionem
471 2151 681 2190 lubentius
702 2151 892 2200 habeam,
916 2164 1034 2204 quam
1046 2150 1081 2190 ai
1094 2155 1322 2204 Σκιραφεῖα,
1347 2161 1543 2204 proutest

126 2206 171 2245 in
181 2206 333 2253 Seberi,
346 2205 513 2246 scribas.
542 2220 591 2245 eo
611 2206 773 2246 scilicet
786 2205 909 2245 modo
923 2204 1100 2248 σκιάδιον
1118 2215 1160 2245 et
1177 2205 1389 2256 σκιάδειον,
1403 2205 1542 2261 τρυγή-

123 2279 241 2316 τριαι,
269 2259 527 2315 τρυγήτρειαι.
557 2271 598 2302 et
620 2275 726 2314 quae
751 2262 851 2300 talia
880 2260 1033 2300 similia
1062 2262 1304 2301 notavimus
1319 2261 1372 2301 ad
1389 2262 1542 2302 librum

124 2318 221 2359 VII.
246 2318 512 2370 -Bulengerua
534 2316 646 2357 unde
660 2331 775 2356 suum
795 2319 985 2370 σκυρίφια
1000 2316 1186 2356 hauserit
1206 2317 1379 2370 ignoro,
1406 2317 1448 2357 id
1461 2322 1543 2357 aal-

125 2381 207 2413 tem
227 2371 331 2420 seio,
364 2373 548 2426 ineptam
569 2382 791 2425 essentque
812 2371 1108 2424 reprobandam
1127 2373 1246 2411 istam
1257 2373 1540 2427 scriptionem.

125 2426 291 2466 Addere
309 2427 427 2467 lubet
449 2428 501 2468 de
520 2429 606 2480 ipsa
626 2442 684 2478 re,
705 2425 817 2481 quod
836 2441 900 2466 me
918 2427 1122 2466 facturum
1137 2426 1319 2468 dixeram
1337 2429 1541 2481 superins,

125 2496 214 2521 non
233 2496 402 2534 prorsus
424 2483 594 2523 inutilia
614 2482 827 2537 quaedam.
872 2484 942 2522 De
963 2482 1078 2521 vocis
1100 2483 1265 2536 origine
1287 2483 1542 2524 dissentiunt

132 2537 435 2579 Grammatici:
464 2547 565 2578 sunt
586 2539 696 2578 enim
721 2538 794 2593 qui
816 2541 1041 2593 Σκείραφον
1060 2537 1266 2592 quoddam
1283 2540 1542 2580 instrumen-

126 2602 215 2633 tum
246 2594 490 2634 aleatorium
517 2603 761 2649 exponunt,
790 2593 1150 2651 undez'nupoitpm
1178 2594 1263 2634 sint
1279 2595 1414 2649 dicta5
1443 2606 1542 2637 sunt
