<?xml version="1.0" encoding="UTF-8"?>
<!DOCTYPE html PUBLIC "-//W3C//DTD XHTML 1.0 Transitional//EN"
    "http://www.w3.org/TR/xhtml1/DTD/xhtml1-transitional.dtd">
<html xmlns="http://www.w3.org/1999/xhtml" xml:lang="en" lang="en">
 <head>
  <title>
</title>
<meta http-equiv="Content-Type" content="text/html;charset=utf-8" />
  <meta name='ocr-system' content='tesseract 3.04.00' />
  <meta name='ocr-capabilities' content='ocr_page ocr_carea ocr_par ocr_line ocrx_word'/>
</head>
<body>
  <div class='ocr_page' id='page_1' title='image "./p2onomastic05polluoft_1101.png"; bbox 0 0 1598 2964; ppageno 0'>
   <div class='ocr_carea' id='block_1_1' title="bbox 369 165 1432 212">
    <p class='ocr_par' dir='ltr' id='par_1_1' title="bbox 369 165 1432 212">
     <span class='ocr_line' id='line_1_1' title="bbox 369 165 1432 212; baseline 0.003 -3"><span class='ocrx_word' id='word_1_1' title='bbox 369 167 711 210; x_wconf 87' lang='lat' dir='ltr'><strong>BENTLEII</strong></span> <span class='ocrx_word' id='word_1_2' title='bbox 738 165 1150 208; x_wconf 83' lang='lat' dir='ltr'><strong>EPISTOLAE.</strong></span> <span class='ocrx_word' id='word_1_3' title='bbox 1333 168 1432 212; x_wconf 85' lang='lat'><strong>1951</strong></span> 
     </span>
    </p>
   </div>
   <div class='ocr_carea' id='block_1_2' title="bbox 89 276 1524 1720">
    <p class='ocr_par' dir='ltr' id='par_1_2' title="bbox 89 276 1446 719">
     <span class='ocr_line' id='line_1_2' title="bbox 90 276 1441 335; baseline 0.002 -15"><span class='ocrx_word' id='word_1_4' title='bbox 90 279 198 321; x_wconf 84' lang='lat' dir='ltr'>Ibid.</span> <span class='ocrx_word' id='word_1_5' title='bbox 210 279 413 321; x_wconf 83' lang='lat' dir='ltr'>Anaxilae</span> <span class='ocrx_word' id='word_1_6' title='bbox 422 283 540 320; x_wconf 87' lang='lat' dir='ltr'>locus</span> <span class='ocrx_word' id='word_1_7' title='bbox 552 279 612 320; x_wconf 88' lang='lat' dir='ltr'>sic</span> <span class='ocrx_word' id='word_1_8' title='bbox 627 278 852 335; x_wconf 85' lang='lat' dir='ltr'>legendus:</span> <span class='ocrx_word' id='word_1_9' title='bbox 880 276 968 321; x_wconf 73' lang='grc' dir='ltr'>Ουἰι</span> <span class='ocrx_word' id='word_1_10' title='bbox 978 277 1030 320; x_wconf 77' lang='grc' dir='ltr'>ἄν</span> <span class='ocrx_word' id='word_1_11' title='bbox 1037 294 1080 333; x_wconf 69' lang='grc' dir='ltr'>γε</span> <span class='ocrx_word' id='word_1_12' title='bbox 1094 277 1268 332; x_wconf 61' lang='lat' dir='ltr'>pavitanti</span> <span class='ocrx_word' id='word_1_13' title='bbox 1278 278 1441 332; x_wconf 73' lang='grc' dir='ltr'>γε’νηταο</span> 
     </span>
     <span class='ocr_line' id='line_1_3' title="bbox 89 334 1440 390; baseline -0.004 -11"><span class='ocrx_word' id='word_1_14' title='bbox 89 334 319 390; x_wconf 69' lang='grc' dir='ltr'><strong><em>κεράμονον.</em></strong></span> <span class='ocrx_word' id='word_1_15' title='bbox 346 334 545 390; x_wconf 84' lang='lat' dir='ltr'>Denique</span> <span class='ocrx_word' id='word_1_16' title='bbox 560 339 658 376; x_wconf 85' lang='lat' dir='ltr'>loco</span> <span class='ocrx_word' id='word_1_17' title='bbox 673 335 824 374; x_wconf 90' lang='lat' dir='ltr'>ultimo</span> <span class='ocrx_word' id='word_1_18' title='bbox 842 344 944 374; x_wconf 87' lang='lat' dir='ltr'>sect.</span> <span class='ocrx_word' id='word_1_19' title='bbox 961 347 1049 389; x_wconf 77' lang='lat'>192.</span> <span class='ocrx_word' id='word_1_20' title='bbox 1065 348 1141 387; x_wconf 88' lang='lat' dir='ltr'>pro</span> <span class='ocrx_word' id='word_1_21' title='bbox 1160 334 1342 374; x_wconf 85' lang='lat' dir='ltr'>inficetis</span> <span class='ocrx_word' id='word_1_22' title='bbox 1354 335 1440 374; x_wconf 84' lang='lat' dir='ltr'>illis</span> 
     </span>
     <span class='ocr_line' id='line_1_4' title="bbox 92 388 1442 444; baseline 0 -13"><span class='ocrx_word' id='word_1_23' title='bbox 92 395 271 432; x_wconf 71' lang='lat' dir='ltr'>senariis</span> <span class='ocrx_word' id='word_1_24' title='bbox 295 388 480 443; x_wconf 84' lang='lat' dir='ltr'>Kuhuii,</span> <span class='ocrx_word' id='word_1_25' title='bbox 522 405 629 444; x_wconf 84' lang='lat' dir='ltr'>quos</span> <span class='ocrx_word' id='word_1_26' title='bbox 659 389 866 444; x_wconf 83' lang='lat' dir='ltr'>Eupolidi</span> <span class='ocrx_word' id='word_1_27' title='bbox 890 389 942 429; x_wconf 86' lang='lat' dir='ltr'>de</span> <span class='ocrx_word' id='word_1_28' title='bbox 971 403 1048 430; x_wconf 84' lang='lat' dir='ltr'>suo</span> <span class='ocrx_word' id='word_1_29' title='bbox 1070 389 1226 441; x_wconf 86' lang='lat' dir='ltr'>donat,</span> <span class='ocrx_word' id='word_1_30' title='bbox 1257 389 1335 432; x_wconf 84' lang='lat' dir='ltr'>hos</span> <span class='ocrx_word' id='word_1_31' title='bbox 1367 391 1442 431; x_wconf 86' lang='lat' dir='ltr'>ine</span> 
     </span>
     <span class='ocr_line' id='line_1_5' title="bbox 93 446 718 502; baseline -0.006 -14"><span class='ocrx_word' id='word_1_32' title='bbox 93 447 245 488; x_wconf 80' lang='lat' dir='ltr'>habeat</span> <span class='ocrx_word' id='word_1_33' title='bbox 265 447 484 502; x_wconf 84' lang='lat' dir='ltr'>aliquanto</span> <span class='ocrx_word' id='word_1_34' title='bbox 502 446 718 486; x_wconf 81' lang='lat' dir='ltr'>meliores.-</span> 
     </span>
     <span class='ocr_line' id='line_1_6' title="bbox 390 498 755 555; baseline -0.005 -10"><span class='ocrx_word' id='word_1_35' title='bbox 390 524 446 532; x_wconf 94' lang='lat'><strong>—</strong></span> <span class='ocrx_word' id='word_1_36' title='bbox 465 499 651 555; x_wconf 75' lang='grc' dir='ltr'><strong><em>καρδόπω</em></strong></span> <span class='ocrx_word' id='word_1_37' title='bbox 669 498 755 549; x_wconf 84' lang='grc' dir='ltr'>δυό,</span> 
     </span>
     <span class='ocr_line' id='line_1_7' title="bbox 147 554 1070 614; baseline -0.004 -12"><span class='ocrx_word' id='word_1_38' title='bbox 147 554 366 614; x_wconf 65' lang='grc' dir='ltr'>Κρατῆρος</span> <span class='ocrx_word' id='word_1_39' title='bbox 389 555 507 610; x_wconf 64' lang='grc' dir='ltr'>διτταὶ,</span> <span class='ocrx_word' id='word_1_40' title='bbox 537 558 610 601; x_wconf 80' lang='grc' dir='ltr'>δύο</span> <span class='ocrx_word' id='word_1_41' title='bbox 625 555 763 612; x_wconf 73' lang='grc' dir='ltr'><strong><em>χύτρα,</em></strong></span> <span class='ocrx_word' id='word_1_42' title='bbox 793 554 867 600; x_wconf 69' lang='grc' dir='ltr'>δύο</span> <span class='ocrx_word' id='word_1_43' title='bbox 883 557 1070 611; x_wconf 74' lang='grc' dir='ltr'><strong><em>τρυβλίω,</em></strong></span> 
     </span>
     <span class='ocr_line' id='line_1_8' title="bbox 147 610 1446 669; baseline -0.003 -11"><span class='ocrx_word' id='word_1_44' title='bbox 147 614 340 668; x_wconf 57' lang='lat' dir='ltr'>Kabala</span> <span class='ocrx_word' id='word_1_45' title='bbox 358 630 400 656; x_wconf 74' lang='grc' dir='ltr'>τε</span> <span class='ocrx_word' id='word_1_46' title='bbox 416 615 485 656; x_wconf 74' lang='grc' dir='ltr'>καὶ</span> <span class='ocrx_word' id='word_1_47' title='bbox 501 616 587 667; x_wconf 82' lang='lat' dir='ltr'>(vel</span> <span class='ocrx_word' id='word_1_48' title='bbox 607 613 797 668; x_wconf 77' lang='grc' dir='ltr'><strong><em>Κνέφαλα</em></strong></span> <span class='ocrx_word' id='word_1_49' title='bbox 815 615 929 668; x_wconf 79' lang='grc' dir='ltr'><strong><em>τρία)</em></strong></span> <span class='ocrx_word' id='word_1_50' title='bbox 953 613 1251 669; x_wconf 76' lang='grc' dir='ltr'><strong><em>θέρμαυστριν,</em></strong></span> <span class='ocrx_word' id='word_1_51' title='bbox 1274 615 1319 665; x_wconf 68' lang='grc' dir='ltr'>ἓξ</span> <span class='ocrx_word' id='word_1_52' title='bbox 1336 610 1446 669; x_wconf 75' lang='grc' dir='ltr'><strong><em>θρό-</em></strong></span> 
     </span>
     <span class='ocr_line' id='line_1_9' title="bbox 897 685 1072 719; baseline 0.006 -9"><span class='ocrx_word' id='word_1_53' title='bbox 897 685 1005 719; x_wconf 81' lang='grc' dir='ltr'><strong><em>νους,</em></strong></span> <span class='ocrx_word' id='word_1_54' title='bbox 1018 696 1029 708; x_wconf 92' lang='grc'><strong>.</strong></span> <span class='ocrx_word' id='word_1_55' title='bbox 1039 697 1050 709; x_wconf 93' lang='grc'><strong>.</strong></span> <span class='ocrx_word' id='word_1_56' title='bbox 1062 700 1072 711; x_wconf 94' lang='grc'><em>.</em></span> 
     </span>
    </p>

    <p class='ocr_par' dir='ltr' id='par_1_3' title="bbox 95 719 1524 1720">
     <span class='ocr_line' id='line_1_10' title="bbox 152 719 1085 780; baseline -0.002 -13"><span class='ocrx_word' id='word_1_57' title='bbox 152 726 304 774; x_wconf 71' lang='grc' dir='ltr'><strong><em>Κλίνας</em></strong></span> <span class='ocrx_word' id='word_1_58' title='bbox 321 719 476 771; x_wconf 54' lang='lat' dir='ltr'>{aaron</span> <span class='ocrx_word' id='word_1_59' title='bbox 504 721 677 777; x_wconf 79' lang='grc' dir='ltr'><strong><em>κόρημα,</em></strong></span> <span class='ocrx_word' id='word_1_60' title='bbox 706 721 890 777; x_wconf 78' lang='grc' dir='ltr'><strong><em>κιβωτδν,</em></strong></span> <span class='ocrx_word' id='word_1_61' title='bbox 926 724 1085 780; x_wconf 78' lang='grc' dir='ltr'><strong><em>λύχνον.</em></strong></span> 
     </span>
     <span class='ocr_line' id='line_1_11' title="bbox 95 776 1524 836; baseline -0.002 -15"><span class='ocrx_word' id='word_1_62' title='bbox 95 782 176 821; x_wconf 81' lang='lat' dir='ltr'>Pro</span> <span class='ocrx_word' id='word_1_63' title='bbox 194 776 339 836; x_wconf 68' lang='grc' dir='ltr'><strong><em>χύτραν</em></strong></span> <span class='ocrx_word' id='word_1_64' title='bbox 357 793 480 821; x_wconf 84' lang='lat' dir='ltr'>versu</span> <span class='ocrx_word' id='word_1_65' title='bbox 499 779 640 830; x_wconf 85' lang='lat' dir='ltr'>tertio,</span> <span class='ocrx_word' id='word_1_66' title='bbox 671 778 786 835; x_wconf 84' lang='lat' dir='ltr'>quod</span> <span class='ocrx_word' id='word_1_67' title='bbox 805 780 887 819; x_wconf 87' lang='lat' dir='ltr'>iam</span> <span class='ocrx_word' id='word_1_68' title='bbox 906 787 1200 835; x_wconf 73' lang='lat' dir='ltr'>praecesserat,</span> <span class='ocrx_word' id='word_1_69' title='bbox 1227 793 1363 834; x_wconf 87' lang='lat' dir='ltr'>neque</span> <span class='ocrx_word' id='word_1_70' title='bbox 1383 793 1443 820; x_wconf 89' lang='lat' dir='ltr'>re·</span> <span class='ocrx_word' id='word_1_71' title='bbox 1458 783 1524 818; x_wconf 75' lang='lat'>112</span> 
     </span>
     <span class='ocr_line' id='line_1_12' title="bbox 97 831 1449 890; baseline -0.001 -14"><span class='ocrx_word' id='word_1_72' title='bbox 97 835 185 890; x_wconf 81' lang='lat' dir='ltr'>peti</span> <span class='ocrx_word' id='word_1_73' title='bbox 207 836 376 883; x_wconf 84' lang='lat' dir='ltr'>debuit,</span> <span class='ocrx_word' id='word_1_74' title='bbox 405 848 584 888; x_wconf 88' lang='lat' dir='ltr'>repones</span> <span class='ocrx_word' id='word_1_75' title='bbox 603 833 785 888; x_wconf 75' lang='grc' dir='ltr'><strong><em>σκάφην,</em></strong></span> <span class='ocrx_word' id='word_1_76' title='bbox 816 838 883 876; x_wconf 84' lang='lat' dir='ltr'>vel</span> <span class='ocrx_word' id='word_1_77' title='bbox 906 831 1030 890; x_wconf 74' lang='grc' dir='ltr'><strong><em>λύραν</em></strong></span> <span class='ocrx_word' id='word_1_78' title='bbox 1044 865 1056 886; x_wconf 90' lang='grc'><strong><em>,</em></strong></span> <span class='ocrx_word' id='word_1_79' title='bbox 1082 838 1149 875; x_wconf 78' lang='lat' dir='ltr'>v&#39;el</span> <span class='ocrx_word' id='word_1_80' title='bbox 1172 835 1309 875; x_wconf 88' lang='lat' dir='ltr'>simile</span> <span class='ocrx_word' id='word_1_81' title='bbox 1331 834 1449 888; x_wconf 84' lang='lat' dir='ltr'>quid,</span> 
     </span>
     <span class='ocr_line' id='line_1_13' title="bbox 100 889 1446 984; baseline -0.001 -54"><span class='ocrx_word' id='word_1_82' title='bbox 100 890 215 945; x_wconf 90' lang='lat' dir='ltr'>quod</span> <span class='ocrx_word' id='word_1_83' title='bbox 243 890 419 945; x_wconf 87' lang='lat' dir='ltr'>propius</span> <span class='ocrx_word' id='word_1_84' title='bbox 442 889 624 933; x_wconf 78' lang='lat' dir='ltr'><strong>accedat.</strong></span> <span class='ocrx_word' id='word_1_85' title='bbox 680 890 815 932; x_wconf 88' lang='lat' dir='ltr'>Nobis</span> <span class='ocrx_word' id='word_1_86' title='bbox 842 891 894 931; x_wconf 87' lang='lat' dir='ltr'>ad</span> <span class='ocrx_word' id='word_1_87' title='bbox 915 890 1197 946; x_wconf 84' lang='lat' dir='ltr'>indagandum</span> <span class='ocrx_word' id='word_1_88' title='bbox 1218 891 1446 984; x_wconf 53' lang='lat' dir='ltr'>fugitivum</span> 
     </span>
     <span class='ocr_line' id='line_1_14' title="bbox 100 946 1448 988; baseline -0.001 -2"><span class='ocrx_word' id='word_1_89' title='bbox 100 946 206 986; x_wconf 81' lang='lat' dir='ltr'>illud</span> <span class='ocrx_word' id='word_1_90' title='bbox 226 960 340 987; x_wconf 84' lang='lat' dir='ltr'>nunc</span> <span class='ocrx_word' id='word_1_91' title='bbox 360 959 446 986; x_wconf 89' lang='lat' dir='ltr'>nou</span> <span class='ocrx_word' id='word_1_92' title='bbox 468 955 532 986; x_wconf 89' lang='lat' dir='ltr'>est</span> <span class='ocrx_word' id='word_1_93' title='bbox 552 946 699 986; x_wconf 85' lang='lat' dir='ltr'>otium.</span> <span class='ocrx_word' id='word_1_94' title='bbox 729 947 935 987; x_wconf 72' lang='lat' dir='ltr'>Defessus</span> <span class='ocrx_word' id='word_1_95' title='bbox 956 948 1066 988; x_wconf 84' lang='lat' dir='ltr'>enim</span> <span class='ocrx_word' id='word_1_96' title='bbox 1086 960 1176 985; x_wconf 86' lang='lat' dir='ltr'>sum</span> <span class='ocrx_word' id='word_1_97' title='bbox 1194 955 1259 986; x_wconf 85' lang='lat' dir='ltr'>tae</span> <span class='ocrx_word' id='word_1_98' title='bbox 1293 946 1335 986; x_wconf 88' lang='lat' dir='ltr'>io</span> <span class='ocrx_word' id='word_1_99' title='bbox 1348 946 1448 985; x_wconf 86' lang='lat' dir='ltr'>scri·</span> 
     </span>
     <span class='ocr_line' id='line_1_15' title="bbox 99 1000 1446 1056; baseline 0 -16"><span class='ocrx_word' id='word_1_100' title='bbox 99 1001 245 1055; x_wconf 81' lang='lat' dir='ltr'>bendi3</span> <span class='ocrx_word' id='word_1_101' title='bbox 280 1000 393 1056; x_wconf 90' lang='lat' dir='ltr'>quod</span> <span class='ocrx_word' id='word_1_102' title='bbox 432 1003 559 1056; x_wconf 87' lang='lat' dir='ltr'>longe</span> <span class='ocrx_word' id='word_1_103' title='bbox 588 1003 746 1042; x_wconf 85' lang='lat' dir='ltr'>maiore</span> <span class='ocrx_word' id='word_1_104' title='bbox 773 1016 898 1055; x_wconf 88' lang='lat' dir='ltr'>opera</span> <span class='ocrx_word' id='word_1_105' title='bbox 932 1003 1038 1043; x_wconf 87' lang='lat' dir='ltr'>mihi</span> <span class='ocrx_word' id='word_1_106' title='bbox 1067 1002 1283 1052; x_wconf 81' lang='lat' dir='ltr'>constitit,</span> <span class='ocrx_word' id='word_1_107' title='bbox 1324 1015 1446 1054; x_wconf 88' lang='lat' dir='ltr'>quam</span> 
     </span>
     <span class='ocr_line' id='line_1_16' title="bbox 100 1057 1447 1111; baseline -0.001 -14"><span class='ocrx_word' id='word_1_108' title='bbox 100 1057 416 1098; x_wconf 78' lang='lat' dir='ltr'>emendationes</span> <span class='ocrx_word' id='word_1_109' title='bbox 437 1057 569 1111; x_wconf 82' lang='lat' dir='ltr'>ipsae.</span> <span class='ocrx_word' id='word_1_110' title='bbox 627 1057 697 1098; x_wconf 82' lang='lat' dir='ltr'>Tu</span> <span class='ocrx_word' id='word_1_111' title='bbox 721 1071 845 1109; x_wconf 88' lang='lat' dir='ltr'>vero,</span> <span class='ocrx_word' id='word_1_112' title='bbox 875 1057 1117 1098; x_wconf 83' lang='lat' dir='ltr'>doctissime</span> <span class='ocrx_word' id='word_1_113' title='bbox 1138 1067 1180 1096; x_wconf 91' lang='lat' dir='ltr'>et</span> <span class='ocrx_word' id='word_1_114' title='bbox 1200 1057 1447 1096; x_wconf 80' lang='lat' dir='ltr'>amicissime</span> 
     </span>
     <span class='ocr_line' id='line_1_17' title="bbox 100 1112 1448 1178; baseline -0.004 -23"><span class='ocrx_word' id='word_1_115' title='bbox 100 1112 407 1163; x_wconf 84' lang='lat' dir='ltr'>Hcmsterhusi,</span> <span class='ocrx_word' id='word_1_116' title='bbox 434 1113 471 1152; x_wconf 87' lang='lat' dir='ltr'>si</span> <span class='ocrx_word' id='word_1_117' title='bbox 491 1112 593 1166; x_wconf 87' lang='lat' dir='ltr'>quid</span> <span class='ocrx_word' id='word_1_118' title='bbox 611 1112 712 1152; x_wconf 86' lang='lat' dir='ltr'>hinc</span> <span class='ocrx_word' id='word_1_119' title='bbox 729 1113 863 1167; x_wconf 84' lang='lat' dir='ltr'>frugis</span> <span class='ocrx_word' id='word_1_120' title='bbox 882 1114 1081 1178; x_wconf 71' lang='lat' dir='ltr'>colligere</span> <span class='ocrx_word' id='word_1_121' title='bbox 1098 1113 1232 1165; x_wconf 86' lang='lat' dir='ltr'>possis</span> <span class='ocrx_word' id='word_1_122' title='bbox 1256 1112 1307 1151; x_wconf 88' lang='lat' dir='ltr'>ad</span> <span class='ocrx_word' id='word_1_123' title='bbox 1328 1126 1448 1151; x_wconf 88' lang='lat' dir='ltr'>curas</span> 
     </span>
     <span class='ocr_line' id='line_1_18' title="bbox 102 1167 1450 1224; baseline 0.001 -17"><span class='ocrx_word' id='word_1_124' title='bbox 102 1178 194 1207; x_wconf 80' lang='lat' dir='ltr'>tuas</span> <span class='ocrx_word' id='word_1_125' title='bbox 214 1167 413 1208; x_wconf 86' lang='lat' dir='ltr'>secundas</span> <span class='ocrx_word' id='word_1_126' title='bbox 428 1198 440 1216; x_wconf 81' lang='grc'>,</span> <span class='ocrx_word' id='word_1_127' title='bbox 470 1183 570 1224; x_wconf 84' lang='lat' dir='ltr'>quas</span> <span class='ocrx_word' id='word_1_128' title='bbox 590 1168 633 1207; x_wconf 87' lang='lat' dir='ltr'>in</span> <span class='ocrx_word' id='word_1_129' title='bbox 652 1169 825 1208; x_wconf 85' lang='lat' dir='ltr'>Polluce</span> <span class='ocrx_word' id='word_1_130' title='bbox 846 1179 888 1211; x_wconf 82' lang='lat' dir='ltr'>te</span> <span class='ocrx_word' id='word_1_131' title='bbox 907 1179 1144 1224; x_wconf 70' lang='lat' dir='ltr'>positurum</span> <span class='ocrx_word' id='word_1_132' title='bbox 1166 1182 1329 1216; x_wconf 88' lang='lat' dir='ltr'>narras,</span> <span class='ocrx_word' id='word_1_133' title='bbox 1359 1177 1450 1208; x_wconf 84' lang='lat' dir='ltr'>ute-</span> 
     </span>
     <span class='ocr_line' id='line_1_19' title="bbox 101 1223 1451 1276; baseline -0.001 -13"><span class='ocrx_word' id='word_1_134' title='bbox 101 1238 159 1274; x_wconf 87' lang='lat' dir='ltr'>re,</span> <span class='ocrx_word' id='word_1_135' title='bbox 190 1225 340 1272; x_wconf 82' lang='lat' dir='ltr'>fruere,</span> <span class='ocrx_word' id='word_1_136' title='bbox 372 1224 463 1264; x_wconf 87' lang='lat' dir='ltr'>iure</span> <span class='ocrx_word' id='word_1_137' title='bbox 481 1234 557 1263; x_wconf 91' lang='lat' dir='ltr'>tuo</span> <span class='ocrx_word' id='word_1_138' title='bbox 580 1233 623 1264; x_wconf 93' lang='lat' dir='ltr'>et</span> <span class='ocrx_word' id='word_1_139' title='bbox 640 1224 855 1267; x_wconf 76' lang='lat' dir='ltr'>arbitratu.</span> <span class='ocrx_word' id='word_1_140' title='bbox 913 1223 1063 1266; x_wconf 80' lang='lat' dir='ltr'>Ubi&#39;id</span> <span class='ocrx_word' id='word_1_141' title='bbox 1085 1234 1246 1275; x_wconf 86' lang='lat' dir='ltr'>tempus</span> <span class='ocrx_word' id='word_1_142' title='bbox 1274 1223 1451 1276; x_wconf 83' lang='lat' dir='ltr'>venerit,</span> 
     </span>
     <span class='ocr_line' id='line_1_20' title="bbox 103 1278 1451 1331; baseline -0.001 -12"><span class='ocrx_word' id='word_1_143' title='bbox 103 1278 340 1319; x_wconf 86' lang='lat' dir='ltr'>videbimus</span> <span class='ocrx_word' id='word_1_144' title='bbox 366 1280 500 1328; x_wconf 88' lang='lat' dir='ltr'>forte,</span> <span class='ocrx_word' id='word_1_145' title='bbox 531 1294 584 1318; x_wconf 89' lang='lat' dir='ltr'>an</span> <span class='ocrx_word' id='word_1_146' title='bbox 608 1280 651 1318; x_wconf 90' lang='lat' dir='ltr'>in</span> <span class='ocrx_word' id='word_1_147' title='bbox 675 1279 822 1319; x_wconf 87' lang='lat' dir='ltr'>ceteris</span> <span class='ocrx_word' id='word_1_148' title='bbox 844 1279 971 1319; x_wconf 87' lang='lat' dir='ltr'>huius</span> <span class='ocrx_word' id='word_1_149' title='bbox 998 1279 1120 1318; x_wconf 82' lang='lat' dir='ltr'>libris</span> <span class='ocrx_word' id='word_1_150' title='bbox 1148 1278 1309 1331; x_wconf 76' lang='lat' dir='ltr'>aliquid</span> <span class='ocrx_word' id='word_1_151' title='bbox 1330 1279 1451 1318; x_wconf 88' lang='lat' dir='ltr'>nobis</span> 
     </span>
     <span class='ocr_line' id='line_1_21' title="bbox 104 1333 1451 1388; baseline 0 -14"><span class='ocrx_word' id='word_1_152' title='bbox 104 1344 306 1383; x_wconf 86' lang='lat' dir='ltr'>occurrat,</span> <span class='ocrx_word' id='word_1_153' title='bbox 330 1333 442 1388; x_wconf 85' lang='lat' dir='ltr'>quod</span> <span class='ocrx_word' id='word_1_154' title='bbox 461 1334 729 1375; x_wconf 88' lang='lat' dir='ltr'>doctissimos</span> <span class='ocrx_word' id='word_1_155' title='bbox 753 1334 934 1376; x_wconf 82' lang='lat' dir='ltr'>editores</span> <span class='ocrx_word' id='word_1_156' title='bbox 958 1334 1129 1388; x_wconf 82' lang='lat' dir='ltr'>fugerit.</span> <span class='ocrx_word' id='word_1_157' title='bbox 1186 1335 1295 1383; x_wconf 87' lang='lat' dir='ltr'>Etsi,</span> <span class='ocrx_word' id='word_1_158' title='bbox 1314 1343 1360 1372; x_wconf 89' lang='lat' dir='ltr'>ut</span> <span class='ocrx_word' id='word_1_159' title='bbox 1383 1349 1451 1374; x_wconf 87' lang='lat' dir='ltr'>ve-</span> 
     </span>
     <span class='ocr_line' id='line_1_22' title="bbox 103 1389 1451 1443; baseline 0 -14"><span class='ocrx_word' id='word_1_160' title='bbox 103 1404 193 1429; x_wconf 88' lang='lat' dir='ltr'>rum</span> <span class='ocrx_word' id='word_1_161' title='bbox 210 1391 358 1441; x_wconf 85' lang='lat' dir='ltr'>fatear,</span> <span class='ocrx_word' id='word_1_162' title='bbox 377 1390 580 1430; x_wconf 86' lang='lat' dir='ltr'>rationem</span> <span class='ocrx_word' id='word_1_163' title='bbox 602 1391 771 1430; x_wconf 85' lang='lat' dir='ltr'>consilii</span> <span class='ocrx_word' id='word_1_164' title='bbox 794 1390 859 1428; x_wconf 89' lang='lat' dir='ltr'>tui</span> <span class='ocrx_word' id='word_1_165' title='bbox 880 1390 1067 1430; x_wconf 86' lang='lat' dir='ltr'>nondum</span> <span class='ocrx_word' id='word_1_166' title='bbox 1086 1390 1310 1442; x_wconf 87' lang='lat' dir='ltr'>perspicio.</span> <span class='ocrx_word' id='word_1_167' title='bbox 1342 1389 1451 1443; x_wconf 83' lang='lat' dir='ltr'>Quis</span> 
     </span>
     <span class='ocr_line' id='line_1_23' title="bbox 104 1444 1450 1500; baseline -0.001 -15"><span class='ocrx_word' id='word_1_168' title='bbox 104 1445 214 1485; x_wconf 82' lang='lat' dir='ltr'>enim</span> <span class='ocrx_word' id='word_1_169' title='bbox 234 1444 524 1500; x_wconf 78' lang='lat' dir='ltr'>typographus</span> <span class='ocrx_word' id='word_1_170' title='bbox 544 1445 696 1484; x_wconf 89' lang='lat' dir='ltr'>librum</span> <span class='ocrx_word' id='word_1_171' title='bbox 714 1444 852 1486; x_wconf 85' lang='lat' dir='ltr'>denuo</span> <span class='ocrx_word' id='word_1_172' title='bbox 871 1445 1056 1496; x_wconf 72' lang='lat' dir='ltr'>renudet,</span> <span class='ocrx_word' id='word_1_173' title='bbox 1085 1447 1193 1484; x_wconf 89' lang='lat' dir='ltr'>mole</span> <span class='ocrx_word' id='word_1_174' title='bbox 1212 1459 1287 1485; x_wconf 87' lang='lat' dir='ltr'>sua</span> <span class='ocrx_word' id='word_1_175' title='bbox 1302 1454 1344 1484; x_wconf 89' lang='lat' dir='ltr'>et</span> <span class='ocrx_word' id='word_1_176' title='bbox 1358 1459 1450 1499; x_wconf 81' lang='lat' dir='ltr'>pre·</span> 
     </span>
     <span class='ocr_line' id='line_1_24' title="bbox 105 1499 1450 1554; baseline 0.001 -15"><span class='ocrx_word' id='word_1_177' title='bbox 105 1500 168 1540; x_wconf 88' lang='lat' dir='ltr'>tio</span> <span class='ocrx_word' id='word_1_178' title='bbox 183 1500 439 1540; x_wconf 75' lang='lat' dir='ltr'>laborantem</span> <span class='ocrx_word' id='word_1_179' title='bbox 452 1500 474 1539; x_wconf 70' lang='lat'>‘2</span> <span class='ocrx_word' id='word_1_180' title='bbox 503 1500 735 1554; x_wconf 86' lang='lat' dir='ltr'>Ecquando</span> <span class='ocrx_word' id='word_1_181' title='bbox 749 1500 888 1540; x_wconf 88' lang='lat' dir='ltr'>omnia</span> <span class='ocrx_word' id='word_1_182' title='bbox 904 1514 1084 1554; x_wconf 81' lang='lat' dir='ltr'>nuperae</span> <span class='ocrx_word' id='word_1_183' title='bbox 1095 1499 1296 1539; x_wconf 84' lang='lat' dir='ltr'>editionis</span> <span class='ocrx_word' id='word_1_184' title='bbox 1314 1514 1450 1540; x_wconf 82' lang='lat' dir='ltr'>exem·</span> 
     </span>
     <span class='ocr_line' id='line_1_25' title="bbox 105 1555 1450 1610; baseline 0 -16"><span class='ocrx_word' id='word_1_185' title='bbox 105 1556 236 1608; x_wconf 82' lang='lat' dir='ltr'>plaria</span> <span class='ocrx_word' id='word_1_186' title='bbox 261 1555 576 1596; x_wconf 78' lang='lat' dir='ltr'>divendentur?</span> <span class='ocrx_word' id='word_1_187' title='bbox 605 1557 673 1594; x_wconf 86' lang='lat' dir='ltr'>Tu</span> <span class='ocrx_word' id='word_1_188' title='bbox 699 1556 831 1609; x_wconf 82' lang='lat' dir='ltr'>igitur</span> <span class='ocrx_word' id='word_1_189' title='bbox 867 1556 1064 1595; x_wconf 86' lang='lat' dir='ltr'>certiores</span> <span class='ocrx_word' id='word_1_190' title='bbox 1083 1568 1160 1593; x_wconf 89' lang='lat' dir='ltr'>nos</span> <span class='ocrx_word' id='word_1_191' title='bbox 1181 1555 1335 1605; x_wconf 83' lang='lat' dir='ltr'>facies,</span> <span class='ocrx_word' id='word_1_192' title='bbox 1366 1570 1450 1610; x_wconf 89' lang='lat' dir='ltr'>quo</span> 
     </span>
     <span class='ocr_line' id='line_1_26' title="bbox 105 1610 1451 1664; baseline -0.001 -14"><span class='ocrx_word' id='word_1_193' title='bbox 105 1620 230 1662; x_wconf 82' lang='lat' dir='ltr'>pacto</span> <span class='ocrx_word' id='word_1_194' title='bbox 251 1620 294 1650; x_wconf 86' lang='lat' dir='ltr'>et</span> <span class='ocrx_word' id='word_1_195' title='bbox 320 1624 405 1664; x_wconf 88' lang='lat' dir='ltr'>quo</span> <span class='ocrx_word' id='word_1_196' title='bbox 429 1610 628 1649; x_wconf 84' lang='lat' dir='ltr'>instituto</span> <span class='ocrx_word' id='word_1_197' title='bbox 649 1610 822 1658; x_wconf 90' lang='lat' dir='ltr'>iterum,</span> <span class='ocrx_word' id='word_1_198' title='bbox 851 1620 899 1649; x_wconf 90' lang='lat' dir='ltr'>ut</span> <span class='ocrx_word' id='word_1_199' title='bbox 926 1623 1080 1659; x_wconf 87' lang='lat' dir='ltr'>narras,</span> <span class='ocrx_word' id='word_1_200' title='bbox 1107 1619 1317 1649; x_wconf 88' lang='lat' dir='ltr'>auctorem</span> <span class='ocrx_word' id='word_1_201' title='bbox 1337 1610 1451 1648; x_wconf 86' lang='lat' dir='ltr'>hunc</span> 
     </span>
     <span class='ocr_line' id='line_1_27' title="bbox 107 1662 1451 1720; baseline 0.001 -16"><span class='ocrx_word' id='word_1_202' title='bbox 107 1665 276 1720; x_wconf 83' lang='lat' dir='ltr'>aggredi</span> <span class='ocrx_word' id='word_1_203' title='bbox 298 1666 415 1706; x_wconf 81' lang='lat' dir='ltr'>velis.</span> <span class='ocrx_word' id='word_1_204' title='bbox 472 1665 599 1716; x_wconf 84' lang='lat' dir='ltr'>Vale,</span> <span class='ocrx_word' id='word_1_205' title='bbox 629 1665 694 1704; x_wconf 89' lang='lat' dir='ltr'>vir</span> <span class='ocrx_word' id='word_1_206' title='bbox 719 1665 1014 1713; x_wconf 85' lang='lat' dir='ltr'>eruditissime,</span> <span class='ocrx_word' id='word_1_207' title='bbox 1035 1675 1078 1704; x_wconf 89' lang='lat' dir='ltr'>et</span> <span class='ocrx_word' id='word_1_208' title='bbox 1098 1679 1175 1714; x_wconf 87' lang='lat' dir='ltr'>me,</span> <span class='ocrx_word' id='word_1_209' title='bbox 1195 1666 1307 1717; x_wconf 88' lang='lat' dir='ltr'>quod</span> <span class='ocrx_word' id='word_1_210' title='bbox 1331 1662 1451 1712; x_wconf 86' lang='lat' dir='ltr'>facis,</span> 
     </span>
    </p>
   </div>
   <div class='ocr_carea' id='block_1_3' title="bbox 108 1719 1404 1785">
    <p class='ocr_par' dir='ltr' id='par_1_4' title="bbox 108 1719 1404 1785">
     <span class='ocr_line' id='line_1_28' title="bbox 108 1719 1404 1785; baseline 0.002 -25"><span class='ocrx_word' id='word_1_211' title='bbox 108 1735 243 1763; x_wconf 80' lang='lat' dir='ltr'>amaro</span> <span class='ocrx_word' id='word_1_212' title='bbox 262 1735 403 1776; x_wconf 83' lang='lat' dir='ltr'>perge.</span> <span class='ocrx_word' id='word_1_213' title='bbox 463 1721 760 1777; x_wconf 76' lang='lat' dir='ltr'>cantabrigiae</span> <span class='ocrx_word' id='word_1_214' title='bbox 778 1721 857 1761; x_wconf 91' lang='lat' dir='ltr'>IX.</span> <span class='ocrx_word' id='word_1_215' title='bbox 875 1720 946 1785; x_wconf 87' lang='lat' dir='ltr'>die</span> <span class='ocrx_word' id='word_1_216' title='bbox 966 1720 1085 1760; x_wconf 84' lang='lat' dir='ltr'>Iunii</span> <span class='ocrx_word' id='word_1_217' title='bbox 1106 1719 1404 1762; x_wconf 89' lang='lat' dir='ltr'><strong>MDCCVIII.</strong></span> 
     </span>
    </p>
   </div>
  </div>
 </body>
</html>
