1656 2976
726 129 781 171 X.
837 132 930 174 162.
1425 133 1531 173 1797

110 244 208 294 dum
238 242 440 284 iudicavi.
497 242 686 285 Ceterum
709 240 823 296 quod
844 240 897 280 ad
918 243 1104 280 nausiam
1123 239 1286 291 attinet,
1318 239 1437 280 euius
1462 239 1533 279 fiat

109 300 223 354 apud
238 301 513 339 Menandrum
537 298 718 348 mentio,
752 297 977 336 Menandri
1000 299 1123 337 talem
1153 309 1315 337 versum
1347 295 1533 334 habuisti

109 369 236 409 supra
254 355 351 405 vn,
379 368 444 410 79.
463 354 536 393 ubi
551 364 687 393 tamen
708 361 905 406 corrupte
921 352 1093 406 legitur,
1120 361 1163 392 et
1178 353 1306 405 paulo
1319 360 1414 391 ante
1423 350 1532 391 idem

108 409 367 452 emendatius
392 424 520 465 segm.
547 407 638 463 159.
665 406 858 461 χλαμύδα,
886 409 1056 450 καυσίαν
1076 405 1219 462 λόγχην
1237 427 1304 449 -·.
1361 413 1465 446 que.

215 467 281 508 καὶ
306 467 528 519 κυρβασίαν
555 462 666 517 etc.]
707 462 756 504 C.
773 464 824 503 A.
842 466 1060 519 κυρβασίαν
1074 460 1382 518 Ἀριστοφάνης,
1407 458 1535 519 Ἠρό-

106 523 222 572 «lotoe
242 521 284 564 δὲ
299 523 485 572 κίτταριν.
539 525 683 559 Kum.

213 574 377 630 κοινήν]
408 575 536 618 Salm.
561 573 699 626 κυνήν.
754 580 903 614 Kunnu.

214 631 384 685 κοινὴν]
414 631 485 671 Sic
516 639 559 672 et
587 631 679 670 MS.
735 629 815 670 Sed
844 643 1035 683 perverse
1060 643 1183 683 saepe
1204 645 1243 671 οι
1263 638 1304 668 et
1324 630 1413 671 viu
1437 630 1532 670 MS.

106 689 259 728 mutari
289 690 475 727 solemne
499 695 576 727 est.
634 686 693 725 Et
719 687 906 739 Magnus
945 685 1209 725 casaubonus
1243 685 1344 726 XII.
1382 686 1535 728 Athen.

105 743 253 783 scribit
272 747 413 796 κυνῆν,
444 750 494 781 ut
508 741 633 782 etiam
654 740 875 796 legendum
893 740 965 781 hic
982 740 1221 781 admonitus
1239 740 1306 781 fui
1323 754 1345 780 a
1366 741 1535 780 Salma-

103 801 165 838 sio
187 812 295 839 meo.
351 804 456 838 Iuno.

215 853 377 907 δοκεῖς]
407 853 458 898 C.
477 852 528 895 V.
549 850 651 907 ἐρεῖς
669 866 744 906 pro
768 853 909 902 δοκεῖς.
966 857 1110 891 Rom.

215 909 364 961 δοκεῖς]
403 907 495 950 MS.
524 917 669 948 noster
697 923 735 950 κ.
759 907 870 962 ἐρεῖς.
926 908 1119 948 Totusne
1147 905 1288 962 itaque
1311 920 1453 947 versus
1474 906 1532 947 ita

104 963 380 1006 scribendus-2

317 1020 384 1062 καὶ
400 1016 472 1072 τὴν
485 1023 614 1073 κυνῆν
634 1020 733 1072 ἔχειν
749 1035 796 1072 με
810 1019 1030 1073 κυρβασίαν
1051 1018 1164 1074 ἐρεῖς.
1220 1022 1323 1058 que.

215 1076 366 1128 δοκεῖς]
394 1075 582 1114 Restitui
601 1075 726 1115 MSS.
747 1075 991 1128 scripturam
1004 1075 1102 1128 ἐρεῖς
1115 1089 1126 1100 ·
1155 1081 1194 1111 et
1206 1076 1364 1112 tiaram
1379 1075 1535 1112 mevul-

103 1147 247 1187 garsm
265 1131 413 1172 habere
435 1131 565 1169 da'ces:
594 1144 739 1169 sensus
760 1130 943 1184 integer,
980 1131 1142 1185 cuique,
1174 1139 1373 1183 quantum
1393 1129 1534 1175 video,

105 1187 216 1228 nihil
244 1186 380 1227 deest.·
411 1199 498 1225 non
529 1185 671 1239 itaque
700 1184 996 1234 dubitandum,
1027 1186 1132 1239 quin
1153 1184 1279 1223 lectio
1303 1184 1360 1224 sit
1388 1183 1533 1238 proba,

107 1257 231 1299 quam
248 1251 384 1282 tamen
405 1255 479 1281 cur
501 1241 582 1281 viri
613 1239 887 1281 eruditissimi
906 1240 1109 1280 violarint
1136 1239 1319 1291 reposita
1342 1253 1444 1279 voce
1465 1257 1534 1280 κυ-

103 1303 178 1354 νῆν
194 1311 280 1338 nou
300 1295 448 1343 videm
481 1296 566 1334 imo
586 1307 685 1335 vero
707 1294 858 1347 vide03
897 1298 1107 1348 vulgatam
1129 1295 1350 1335 lectionem
1370 1309 1460 1333 cum
1476 1298 1533 1334 le·

105 1368 157 1410 ge
175 1352 295 1393 metri
313 1351 542 1391 conciliare
561 1364 646 1390 non
667 1359 914 1402 potuerunt,
946 1364 1052 1404 quae
1071 1351 1155 1389 fuit
1169 1363 1304 1399 causa,
1336 1349 1388 1389 ob
1411 1364 1533 1404 quam

104 1408 352 1459 verissima,
380 1421 445 1447 me
478 1405 643 1452 iudice,
674 1406 802 1445 lectio
833 1404 980 1446 debuit
1010 1407 1052 1444 in
1070 1405 1242 1446 exilium
1269 1404 1343 1444 ire.
1390 1404 1534 1458 κοινὴν

102 1465 323 1520 κυρβασίαν
341 1462 643 1514 Aristophanes
655 1460 766 1499 dixit
785 1463 996 1515 vulgarem
1013 1462 1227 1500 Persarum
1247 1459 1407 1511 tiaram,
1428 1475 1534 1516 quae

107 1519 270 1574 tregia
289 1517 518 1567 differebat,
546 1526 594 1556 ut
611 1516 804 1569 pluribus
824 1516 1010 1556 ostendit
1035 1518 1280 1555 Brissonius
1315 1515 1389 1557 lib.
1414 1517 1448 1559 1.
1482 1516 1533 1555 de

106 1577 161 1616 R.
181 1575 290 1615 Pers.
308 1572 411 1614 haec
430 1581 518 1611 erat
537 1567 642 1624 σ’ρθῆ
673 1574 745 1610 vel
765 1568 997 1625 ὄρθοπαγὴς
1010 1602 1024 1621 ,
1055 1572 1127 1610 illa
1157 1585 1255 1610 vero
1285 1567 1440 1626 ιίπαγῆς
1467 1574 1534 1614 καὶ

106 1628 375 1683 ἓπικεκλιμὲνη
393 1629 449 1676 είς
461 1625 651 1676 τούπίσω,
682 1640 763 1679 qua
781 1641 874 1665 cum
898 1628 1046 1666 Persae
1067 1641 1089 1666 a
1111 1625 1279 1680 regibus
1303 1626 1535 1680 distingue-

107 1694 272 1734 rentur,
301 1683 449 1723 merito
472 1680 617 1734 κοινὴν
639 1683 824 1720 Comicus
845 1682 1090 1734 appellavit.
1128 1691 1176 1720 ut
1195 1690 1332 1720 autem
1355 1682 1533 1734 pedibus

106 1739 194 1782 suis
220 1740 301 1779 rite
323 1746 488 1778 constet
514 1751 682 1786 versus,
721 1739 847 1776 solam
870 1736 996 1775 addes
1018 1739 1209 1776 voculam
1239 1735 1303 1785 δὲ,
1335 1750 1439 1789 quae
1466 1740 1535 1777 vel

107 1797 191 1850 ipsi
214 1795 392 1840 Polluci,
421 1795 488 1833 vel
506 1793 629 1832 etiam
649 1792 821 1832 librario
841 1793 966 1833 facile
984 1792 1127 1845 potuit
1146 1790 1366 1832 excidere:
1395 1815 1452 1823 ——-
1467 1794 1534 1835 καὶ

108 1853 150 1895 δὲ
167 1849 237 1906 τὴν
252 1847 392 1902 κοινὴν
412 1849 512 1902 ἔχειν
531 1852 602 1891 Με
622 1850 839 1902 κυρβασίαν
855 1849 956 1900 ἐρεῖς
971 1871 1036 1887 -.
1093 1848 1203 1887 Mox
1215 1849 1397 1901 κίταρινε
1410 1849 1530 1889 MSS.

107 1908 154 1946 in
176 1915 338 1946 textum
359 1903 526 1944 reduxi.
556 1904 599 1942 in
621 1902 1020 1955 Falckenburgianis
1042 1903 1266 1955 Excerptis
1287 1901 1532 1958 κιττιὶβαριν“

106 1961 297 2016 superius
321 1974 408 2001 eam
429 1959 475 1998 in
494 1959 727 1998 Plutarcho
748 1960 994 2011 scripturam
1019 1957 1336 1998 observabamus
1350 1987 1361 2005 ‚
1393 1964 1535 2012 quan-

107 2021 228 2072 quam
247 2019 403 2070 κίδαριν
419 2014 480 2053 ibi
502 2014 656 2053 scribat
676 2016 931 2053 Bria-senius.
967 2016 1118 2067 κίταρις
1138 2022 1178 2052 et
1194 2016 1349 2066 κίδαρις
1367 2024 1532 2053 utrum..

134 2082 371 2121 uereetum,
400 2079 449 2109 ut
469 2068 645 2109 adnotat
662 2070 915 2122 Hesychius,
947 2070 1024 2123 qui
1043 2070 1094 2109 de
1115 2068 1245 2108 cidari
1268 2069 1441 2108 omnino
1465 2071 1532 2109 vi·

106 2088 282 2171 dendus.
311 2126 420 2166 idem
439 2134 576 2165 autem
593 2125 933 2178 Lexicographus
954 2124 1122 2179 Cypriis
1141 2124 1263 2164 etiam
1277 2127 1446 2178 κίτταριν
1459 2126 1532 2164 tri-

106 2182 213 2224 buit.
270 2183 427 2222 Vocem
455 2179 610 2221 eruditi
637 2181 719 2220 viri
746 2194 832 2220 non
856 2180 998 2234 inepte
1028 2181 1218 2219 referunt
1245 2178 1295 2218 ad
1324 2181 1531 2234 originem

106 2238 335 2278 Hebraeum
350 2239 447 2288 'inf-2,
476 2249 581 2290 quae
601 2249 754 2275 corona
776 2244 850 2277 est.
882 2237 983 2290 quin
1005 2236 1130 2275 etiam
1149 2249 1234 2273 non
1258 2234 1424 2286 desunt,
1456 2236 1531 2289 qui

106 2294 321 2348 proprium
341 2287 446 2331 illud
463 2305 614 2330 nomen
633 2290 815 2333 Ἶυνῦππι
833 2291 972 2330 Genea.
991 2291 1107 2330 XIV.
1127 2305 1167 2330 ν.
1186 2303 1199 2330 1
1211 2320 1220 2329 .
1253 2293 1319 2329 vel
1337 2305 1532 2330 coronam

113 2348 322 2388 orm-orum
340 2350 408 2387 vel
429 2347 678 2385 divitiarum
699 2355 936 2400 exponant,
968 2356 1017 2385 ut
1041 2346 1225 2395 scilicet,
1254 2355 1329 2386 57:
1359 2348 1528 2402 κίδαριν,

108 2417 298 2443 coronam
315 2402 520 2457 designet,
550 2401 670 2440 cuius
692 2403 911 2454 opinionis
934 2412 1143 2440 auctorem
1165 2400 1366 2440 existimo
1378 2402 1530 2441 Pococ-

109 2459 221 2497 bium
249 2458 475 2499 Orientalis
494 2458 734 2497 literaturae
761 2457 1098 2497 scientissimum.
1149 2470 1224 2494 nos
1246 2456 1290 2494 in
1314 2456 1406 2494 istis
1424 2457 1528 2497 hae-

108 2527 242 2552 remus
258 2513 475 2563 nimirum,
504 2511 737 2565 horumque
759 2512 942 2552 omnium
966 2511 1196 2551 uberiorem
1218 2511 1526 2564 expositionem

108 2577 370 2623 expectamus
389 2567 438 2608 ab
451 2568 556 2610 Adr.
568 2568 769 2624 Relando,
789 2567 1042 2609 eruditionis
1058 2575 1267 2621 spectatae
1279 2566 1386 2619 viro,
1404 2583 1523 2623 quem
