1690 2996
169 93 277 133 1620
769 86 824 126 Χ.
881 91 971 130 103.

171 213 276 254 quae
292 198 492 248 diximus,
521 198 756 239 manifesta.
791 196 863 238 aed
887 196 990 253 quid
1011 197 1212 238 faciamus
1231 198 1302 239 illa
1326 198 1597 241 voce-Hmi-

170 259 244 305 δα,
276 268 384 310 quae
413 254 588 294 omnino
617 267 716 306 prae
740 267 784 294 se
809 256 917 294 ferre
943 253 1111 294 videtur
1133 254 1360 295 accusativi
1383 254 1594 294 formam?

171 309 474 365 indulgendum
499 309 686 363 ingenio,
715 309 754 348 si
771 309 949 349 forsitan
962 324 1026 350 res
1049 309 1152 350 bene
1171 309 1305 352 cedat.
1341 309 1499 352 Vocem
1515 324 1594 365 ego

172 368 369 407 existimo
398 365 530 404 fuisse
552 365 766 418 antiquam
788 367 978 416 πευσίδα,
1011 379 1117 419 quae
1143 365 1428 421 designaverit
1456 366 1593 416 ollam,

172 433 247 462 ant
266 423 401 462 simile
421 420 540 475 quid,
570 430 613 459 et
634 434 845 460 emanasse
864 435 887 460 a
907 420 1084 476 quodam
1102 430 1270 462 vetusto
1293 420 1445 472 verbo,
1475 421 1595 461 cuius

170 478 370 532 reliquias
387 476 616 516 servaverit
630 477 860 529 Hesychius
879 476 924 514 in
943 476 1056 516 istis:
1087 478 1285 528 Πευθεὶς,
1312 477 1502 530 ἓψηθείς·
1530 477 1594 516 in·

173 533 313 573 didem
332 533 458 573 etiam
481 531 656 570 fluxisse
677 531 846 571 videtur
866 531 972 571 illud
988 531 1252 584 vocabulum,
1280 531 1393 587 quod
1403 542 1445 573 et
1454 533 1501 572 in
1511 533 1595 571 He-

169 590 309 642 sychia
327 588 514 642 reperio:
545 589 733 639 Πευδρία,
757 584 986 641 ἄρτοθήκη·
1016 587 1277 628 scribendum
1292 589 1434 644 itaque
1454 588 1499 627 in
1521 587 1596 626 So-

172 647 283 683 zonis
300 644 508 685 versiculo
532 642 729 682 dixerim:
760 641 929 685 Πευσίδ’
956 645 998 686 οἲ
1014 643 1082 695 μὲν
1106 639 1150 685 κ’
1173 646 1278 699 ἲγδιν
1296 652 1375 684 etc.
1405 645 1530 683 ollam
1546 645 1596 684 1ιί

173 701 338 754 quidem
355 709 394 738 et
419 701 661 738 mortarium
687 706 759 739 ete.
804 699 982 738 forsitan
1010 698 1243 739 aberramus
1273 707 1366 739 toto
1395 701 1529 748 coelo,
1558 698 1597 739 ai

172 757 267 810 quis
287 766 424 795 tamen
444 754 656 796 invenerit
671 753 857 803 meliora,
875 752 1078 793 candidus
1094 754 1320 807 impertiat.
1377 754 1598 807 [Exercuit

171 826 250 851 nos
269 811 419 850 mirum
441 810 485 848 in
503 809 671 849 modum
694 809 855 848 Solonis
871 811 1004 851 locus.
1029 808 1100 848 sed
1113 807 1292 849 adducta
1301 808 1425 850 video
1436 810 1488 849 ad
1502 824 1597 862 pro-

170 866 350 906 bandam
374 879 516 905 vocem
537 866 679 912 πευσὶς
696 878 718 902 a
737 877 800 903 me
819 864 1013 916 ΗσεγοΙιίἰ
1026 864 1171 904 verba:
1200 866 1391 917 Πευθεὶς,
1405 866 1594 918 &ww-¹³59·

173 924 451 975 corruptelam
469 921 513 959 in
536 920 639 960 haec
657 919 861 960 invasisse
878 933 964 959 non
985 919 1121 962 credo.
1153 921 1333 974 aperiam
1353 929 1489 961 tamen
1506 934 1598 960 eru·

174 978 265 1017 dito
291 976 463 1027 lectori,
505 989 611 1030 quae
640 976 685 1014 in
719 984 900 1015 mentem
922 974 1088 1016 venerit
1114 975 1342 1030 cogitatio:
1370 976 1536 1025 πευθεὶς
1558 976 1599 1015 οἱ

173 1034 479 1087 pronuncietur
497 1047 552 1072 ex
573 1031 785 1071 communi
804 1030 1109 1072 consuetudine
1128 1031 1393 1079 Graecorum,
1419 1031 1598 1072 eundem

174 1091 304 1130 ferme
329 1087 476 1128 reddet
502 1101 673 1134 sonum,
703 1100 823 1141 quem
851 1089 1039 1140 πεφθείς·
1077 1081 1189 1126 unde
1218 1088 1330 1127 forte
1357 1087 1417 1127 ita
1449 1086 1599 1128 debere

174 1144 303 1185 scribi
333 1144 425 1198 quis
456 1143 655 1198 colligere
682 1142 815 1190 velit,
852 1142 904 1182 de
925 1156 1005 1196 qua
1030 1157 1074 1182 re
1091 1141 1312 1183 arbitretur
1338 1141 1487 1182 doctus
1515 1145 1598 1182 lec·

175 1212 254 1242 tor.
312 1199 448 1240 Facili
472 1213 571 1239 vero
599 1197 772 1254 negotio
795 1199 955 1237 Solonis
982 1202 1122 1252 χρῆσιν
1141 1198 1187 1236 in
1207 1197 1373 1242 lambos
1397 1197 1599 1252 refingere

175 1255 319 1297 datur:
351 1258 530 1297 Πευσίδα
549 1256 591 1296 οἰ
605 1254 674 1307 μὲν
692 1251 727 1295 κ’
744 1255 861 1308 ἴγδιν,
890 1255 932 1295 οἱ
949 1254 990 1295 δὲ
1011 1257 1185 1305 σίλφιον,
1209 1255 1260 1297 Οἱ
1275 1254 1316 1295 δὲ
1331 1251 1424 1303 ὅξος
1433 1267 1490 1285 -·
1505 1251 1594 1291 vid.

176 1313 300 1352 etiam
316 1325 442 1365 segm.
464 1309 552 1351 151.
593 1309 795 1361 Sequenti
822 1317 923 1348 nota
955 1308 1423 1361 explicuissAntipIzam'a
1438 1307 1598 1348 obscu-

174 1382 264 1408 rum
284 1371 439 1406 locum.
474 1364 723 1418 posterioris
740 1362 900 1416 χρήσιος
916 1363 987 1402 hic
1009 1377 1061 1402 ex
1081 1363 1276 1402 carminis
1296 1366 1390 1416 lege
1406 1377 1496 1403 esse
1516 1361 1600 1401 de-

174 1425 246 1462 bet
273 1422 460 1474 positus:
495 1445 552 1453 -—-
576 1420 650 1474 τήν
679 1422 821 1462 θυείαν
853 1417 1032 1474 &yvo-5533
1073 1420 1278 1462 Τουτὲστιν
1305 1416 1333 1472 ἦ
1360 1420 1474 1474 ἴγδις.
1531 1418 1598 1464 Ex

173 1479 396 1520 Addendis.
1215 1489 1217 1491 ·

284 1478 560 1589 ΚοροτΞλᾶθῳ]
599 1531 647 1573 C.
671 1531 721 1572 Δ.
743 1527 1011 1586 Κοροπλᾶθα·
1049 1532 1129 1584 leg.
1151 1527 1415 1584 Κοροπλᾶθῃ.
1452 1542 1599 1578 versus

173 1591 433 1643 Antiphani-s*
450 1589 519 1641 ita·
527 1591 703 1642 legerem
718 1601 730 1627 ε

387 1642 525 1701 γύναι,
562 1642 662 1696 πρὸς
688 1640 810 1685 adi-dv
838 1637 959 1696 ἦλθες
982 1639 1143 1695 ὄρχῆσαι
1165 1640 1233 1695 (C.
1260 1641 1315 1684 V.
1338 1638 1514 1696 ὀρχήσει·
1551 1638 1598 1682 G.

976 1698 1028 1737 A.
1050 1694 1214 1751 οἰχήσει)
1236 1693 1356 1739 πάλιν

384 1754 458 1808 τὴν
475 1757 591 1810 ἴγδην
603 1766 612 1776 ·
639 1755 713 1807 τήν
728 1755 871 1797 θυείαν
889 1750 1062 1808 ἄγνοεῖςς
1091 1775 1147 1782 —

387 1814 544 1851 Mulier
559 1813 712 1850 venisti
728 1810 789 1849 ad
805 1809 1052 1848 saltandum
1070 1811 1216 1847 iterum
1233 1808 1294 1846 ad
1318 1806 1467 1845 tibiam

185 1899 189 1904 .
384 1868 525 1920 igdin:
561 1868 856 1904 mortar-iamne
875 1865 1076 1915 ignotas?
1101 1885 1159 1893 —-·

172 1926 407 1966 Athenaeus
430 1923 532 1977 legit
553 1924 655 1975 ἴγδις
671 1934 747 1974 per
763 1938 778 1962 ι
805 1930 848 1960 et
872 1921 932 1959 ita
951 1933 1110 1972 semper
1128 1918 1176 1958 C.
1204 1917 1257 1959 V.
1313 1922 1461 1956 Kmnm.

284 1977 460 2034 ὄρχήσῃ]
490 1976 588 2019 MS.
611 1972 787 2030 ὀρχήσει.
844 1982 924 2017 San.

285 2034 462 2090 ὁρχήσῃ]
503 2033 597 2073 MS.
617 2030 794 2085 ὀρχήσει,
822 2041 871 2070 ut
892 2031 1047 2081 Sebm‘,
1076 2038 1119 2070 et
1141 2043 1240 2075 mox
1257 2029 1351 2071 MS.
1372 2029 1488 2084 ἴγδιν.
1534 2028 1598 2069 sio

175 2095 318 2147 itaque
336 2091 438 2132 haec
458 2088 657 2140 concipet

386 2144 504 2202 γύναι
521 2142 623 2198 πρὸς
642 2140 765 2184 αὐλὸν
781 2137 915 2195 ἦλθες,
945 2137 1093 2197 ὄρχήσῃ
1114 2138 1234 2183 πάλιν

184 2237 187 2240 «
388 2201 462 2255 τὴν
480 2202 594 2255 ἴγδιν-
620 2219 677 2230 —

174 2259 248 2298 ubi
268 2259 419 2299 iterum
443 2259 549 2312 ἰ’γδιν
567 2256 635 2296 vel
654 2268 707 2294 ex
732 2251 806 2308 οὐχ
823 2251 1046 2308 ἧμιτελέστῳ
1059 2251 1185 2292 etiam
1205 2264 1328 2293 vernn
1337 2248 1598 2291 scribendum

175 2314 255 2355 tibi
274 2315 421 2367 liquet.
477 2318 584 2352 que.

285 2367 428 2423 ὄρχήσή
455 2385 495 2411 π.
527 2386 560 2409 τ.
591 2365 746 2421 ἴγδην.]
778 2363 879 2404 Non
905 2363 997 2403 sine
1015 2362 1141 2403 MSS.
1166 2370 1251 2413 est,
1280 2361 1397 2414 >quod
1414 2361 1460 2400 in
1477 2370 1599 2400 textu

174 2424 355 2464 dederim
384 2412 508 2480 2'2'16w·
538 2422 802 2462 librariorum
827 2419 1065 2473 ignorantia
1092 2416 1235 2459 evenit
1261 2425 1310 2455 ut
1338 2416 1496 2471 ubique
1528 2415 1600 2455 bic

175 2482 385 2521 Pollucem
411 2494 487 2533 pro
514 2482 594 2533 ἰ’γδι
622 2479 710 2531 ἰ’γδη
740 2475 954 2514 insederit.
995 2487 1128 2527 neque
1156 2471 1202 2512 id
1223 2471 1326 2512 adeo
1351 2470 1600 2522 mirandum,

174 2551 266 2575 cum
292 2537 415 2573 etiam
440 2536 552 2575 viros
584 2531 888 2573 eruditissimos
916 2545 1004 2571 vox
1034 2529 1107 2568 illa
1135 2527 1366 2581 deceperit,
1403 2537 1452 2568 ut
1477 2540 1600 2580 supra
