<?xml version="1.0" encoding="UTF-8"?>
<!DOCTYPE html PUBLIC "-//W3C//DTD XHTML 1.0 Transitional//EN"
    "http://www.w3.org/TR/xhtml1/DTD/xhtml1-transitional.dtd">
<html xmlns="http://www.w3.org/1999/xhtml" xml:lang="en" lang="en">
 <head>
  <title>
</title>
<meta http-equiv="Content-Type" content="text/html;charset=utf-8" />
  <meta name='ocr-system' content='tesseract 3.04.00' />
  <meta name='ocr-capabilities' content='ocr_page ocr_carea ocr_par ocr_line ocrx_word'/>
</head>
<body>
  <div class='ocr_page' id='page_1' title='image "./p2onomastic05polluoft_0514.png"; bbox 0 0 1690 2996; ppageno 0'>
   <div class='ocr_carea' id='block_1_1' title="bbox 234 125 1041 171">
    <p class='ocr_par' dir='ltr' id='par_1_1' title="bbox 234 125 1041 171">
     <span class='ocr_line' id='line_1_1' title="bbox 234 125 1041 171; baseline 0 -4"><span class='ocrx_word' id='word_1_1' title='bbox 234 125 342 168; x_wconf 82' lang='lat'>1364</span> <span class='ocrx_word' id='word_1_2' title='bbox 862 126 916 166; x_wconf 88' lang='grc' dir='ltr'>Χ.</span> <span class='ocrx_word' id='word_1_3' title='bbox 973 130 1041 171; x_wconf 84' lang='grc'>34.</span> 
     </span>
    </p>
   </div>
   <div class='ocr_carea' id='block_1_2' title="bbox 206 233 1675 2565">
    <p class='ocr_par' dir='ltr' id='par_1_2' title="bbox 224 233 1654 510">
     <span class='ocr_line' id='line_1_2' title="bbox 228 233 1654 293; baseline 0.008 -21"><span class='ocrx_word' id='word_1_4' title='bbox 228 240 372 273; x_wconf 83' lang='lat' dir='ltr'>currus</span> <span class='ocrx_word' id='word_1_5' title='bbox 394 233 579 285; x_wconf 84' lang='lat' dir='ltr'>partibus</span> <span class='ocrx_word' id='word_1_6' title='bbox 601 248 738 288; x_wconf 76' lang='lat' dir='ltr'>agens,</span> <span class='ocrx_word' id='word_1_7' title='bbox 770 247 960 276; x_wconf 82' lang='lat' dir='ltr'>numerat</span> <span class='ocrx_word' id='word_1_8' title='bbox 974 237 1082 278; x_wconf 83' lang='lat' dir='ltr'>inter</span> <span class='ocrx_word' id='word_1_9' title='bbox 1097 253 1164 278; x_wconf 87' lang='lat' dir='ltr'>eas</span> <span class='ocrx_word' id='word_1_10' title='bbox 1176 239 1298 279; x_wconf 86' lang='lat' dir='ltr'>etiam</span> <span class='ocrx_word' id='word_1_11' title='bbox 1311 236 1465 290; x_wconf 67' lang='grc' dir='ltr'><strong><em>ἀξόνων</em></strong></span> <span class='ocrx_word' id='word_1_12' title='bbox 1476 239 1654 293; x_wconf 77' lang='grc' dir='ltr'><strong><em>ἐνήλατα,</em></strong></span> 
     </span>
     <span class='ocr_line' id='line_1_3' title="bbox 230 289 1619 344; baseline 0.006 -18"><span class='ocrx_word' id='word_1_13' title='bbox 230 290 342 343; x_wconf 84' lang='lat' dir='ltr'>quod</span> <span class='ocrx_word' id='word_1_14' title='bbox 365 290 543 328; x_wconf 80' lang='lat' dir='ltr'>reddunt</span> <span class='ocrx_word' id='word_1_15' title='bbox 566 289 679 328; x_wconf 79' lang='lat' dir='ltr'>clavi</span> <span class='ocrx_word' id='word_1_16' title='bbox 697 294 851 332; x_wconf 80' lang='lat' dir='ltr'>axium.</span> <span class='ocrx_word' id='word_1_17' title='bbox 909 299 1055 336; x_wconf 64' lang='lat' dir='ltr'>Kuuuu,</span> <span class='ocrx_word' id='word_1_18' title='bbox 1534 338 1537 342; x_wconf 37' lang='lat'><strong><em>¹</em></strong></span> <span class='ocrx_word' id='word_1_19' title='bbox 1612 334 1619 344; x_wconf 72' lang='grc'><em>,</em></span> 
     </span>
     <span class='ocr_line' id='line_1_4' title="bbox 338 343 1622 400; baseline 0.005 -13"><span class='ocrx_word' id='word_1_20' title='bbox 338 347 402 387; x_wconf 83' lang='grc' dir='ltr'>καὶ</span> <span class='ocrx_word' id='word_1_21' title='bbox 424 343 614 398; x_wconf 62' lang='grc' dir='ltr'><strong><em>ἐνήλατα]</em></strong></span> <span class='ocrx_word' id='word_1_22' title='bbox 658 346 744 387; x_wconf 81' lang='lat' dir='ltr'>MS.</span> <span class='ocrx_word' id='word_1_23' title='bbox 762 346 960 400; x_wconf 79' lang='grc' dir='ltr'><strong><em>ἐνήλατον,</em></strong></span> <span class='ocrx_word' id='word_1_24' title='bbox 993 348 1083 387; x_wconf 88' lang='lat' dir='ltr'>sine</span> <span class='ocrx_word' id='word_1_25' title='bbox 1105 350 1367 400; x_wconf 78' lang='lat' dir='ltr'><strong>praecedenti</strong></span> <span class='ocrx_word' id='word_1_26' title='bbox 1386 354 1463 393; x_wconf 83' lang='grc' dir='ltr'><strong><em>καί.</em></strong></span> <span class='ocrx_word' id='word_1_27' title='bbox 1519 359 1622 394; x_wconf 68' lang='lat' dir='ltr'>Iuno.</span> 
     </span>
     <span class='ocr_line' id='line_1_5' title="bbox 337 400 1653 461; baseline 0.005 -18"><span class='ocrx_word' id='word_1_28' title='bbox 337 401 401 443; x_wconf 84' lang='grc' dir='ltr'>καὶ</span> <span class='ocrx_word' id='word_1_29' title='bbox 422 402 689 454; x_wconf 66' lang='grc' dir='ltr'>ἐπίκλιντρον]</span> <span class='ocrx_word' id='word_1_30' title='bbox 728 403 823 441; x_wconf 86' lang='lat' dir='ltr'>Post</span> <span class='ocrx_word' id='word_1_31' title='bbox 843 400 1088 460; x_wconf 67' lang='grc' dir='ltr'><strong><em>ἐᾶτίκλιντρον</em></strong></span> <span class='ocrx_word' id='word_1_32' title='bbox 1113 405 1160 445; x_wconf 90' lang='lat' dir='ltr'>C.</span> <span class='ocrx_word' id='word_1_33' title='bbox 1179 406 1230 446; x_wconf 90' lang='lat' dir='ltr'>V.</span> <span class='ocrx_word' id='word_1_34' title='bbox 1249 409 1331 461; x_wconf 84' lang='lat' dir='ltr'>leg.</span> <span class='ocrx_word' id='word_1_35' title='bbox 1355 405 1398 448; x_wconf 84' lang='grc' dir='ltr'>τό</span> <span class='ocrx_word' id='word_1_36' title='bbox 1421 407 1553 460; x_wconf 79' lang='grc' dir='ltr'><strong><em>μέντοι</em></strong></span> <span class='ocrx_word' id='word_1_37' title='bbox 1573 409 1653 450; x_wconf 52' lang='grc' dir='ltr'>ἐπία</span> 
     </span>
     <span class='ocr_line' id='line_1_6' title="bbox 224 455 867 510; baseline -0.005 -11"><span class='ocrx_word' id='word_1_38' title='bbox 224 461 405 510; x_wconf 74' lang='grc' dir='ltr'><strong><em>κλιντρον</em></strong></span> <span class='ocrx_word' id='word_1_39' title='bbox 424 456 503 499; x_wconf 79' lang='grc' dir='ltr'>ὖπό</span> <span class='ocrx_word' id='word_1_40' title='bbox 521 455 572 499; x_wconf 74' lang='lat' dir='ltr'>&#39;A-</span> <span class='ocrx_word' id='word_1_41' title='bbox 593 469 671 496; x_wconf 74' lang='lat' dir='ltr'>etc,</span> <span class='ocrx_word' id='word_1_42' title='bbox 728 465 867 501; x_wconf 72' lang='lat' dir='ltr'>Kumm,</span> 
     </span>
    </p>

    <p class='ocr_par' dir='ltr' id='par_1_3' title="bbox 218 512 1651 1515">
     <span class='ocr_line' id='line_1_7' title="bbox 341 512 1651 571; baseline 0.006 -17"><span class='ocrx_word' id='word_1_43' title='bbox 341 514 406 554; x_wconf 80' lang='grc' dir='ltr'>καὶ</span> <span class='ocrx_word' id='word_1_44' title='bbox 426 512 701 566; x_wconf 79' lang='grc' dir='ltr'><strong><em>ἐπίκλιντρον]</em></strong></span> <span class='ocrx_word' id='word_1_45' title='bbox 733 513 820 555; x_wconf 84' lang='lat' dir='ltr'>MS.</span> <span class='ocrx_word' id='word_1_46' title='bbox 848 517 1031 555; x_wconf 86' lang='lat' dir='ltr'>auctius:</span> <span class='ocrx_word' id='word_1_47' title='bbox 1065 517 1130 558; x_wconf 83' lang='grc' dir='ltr'>καὶ</span> <span class='ocrx_word' id='word_1_48' title='bbox 1148 517 1425 570; x_wconf 76' lang='grc' dir='ltr'><strong><em>ἔπίκλινθρον·</em></strong></span> <span class='ocrx_word' id='word_1_49' title='bbox 1457 518 1499 560; x_wconf 81' lang='grc' dir='ltr'>τὸ</span> <span class='ocrx_word' id='word_1_50' title='bbox 1518 520 1651 571; x_wconf 73' lang='grc' dir='ltr'><strong><em>μέντοι</em></strong></span> 
     </span>
     <span class='ocr_line' id='line_1_8' title="bbox 226 566 1648 628; baseline 0.001 -18"><span class='ocrx_word' id='word_1_51' title='bbox 226 570 482 620; x_wconf 67' lang='grc' dir='ltr'><strong><em>ἔντίκλινθρον</em></strong></span> <span class='ocrx_word' id='word_1_52' title='bbox 498 566 576 611; x_wconf 79' lang='grc' dir='ltr'><strong><em>ὖττὸ</em></strong></span> <span class='ocrx_word' id='word_1_53' title='bbox 590 566 783 620; x_wconf 79' lang='grc' dir='ltr'><strong><em>Ἀριστοφ.</em></strong></span> <span class='ocrx_word' id='word_1_54' title='bbox 815 584 890 608; x_wconf 86' lang='lat' dir='ltr'>nec</span> <span class='ocrx_word' id='word_1_55' title='bbox 911 571 1226 610; x_wconf 87' lang='lat' dir='ltr'>videturinanis</span> <span class='ocrx_word' id='word_1_56' title='bbox 1249 573 1460 625; x_wconf 75' lang='lat' dir='ltr'>repetitio,</span> <span class='ocrx_word' id='word_1_57' title='bbox 1488 589 1648 628; x_wconf 80' lang='lat' dir='ltr'>egoque</span> 
     </span>
     <span class='ocr_line' id='line_1_9' title="bbox 226 624 1649 680; baseline 0.004 -16"><span class='ocrx_word' id='word_1_58' title='bbox 226 626 287 664; x_wconf 84' lang='lat' dir='ltr'>sic</span> <span class='ocrx_word' id='word_1_59' title='bbox 315 624 591 678; x_wconf 84' lang='lat' dir='ltr'>supplendum</span> <span class='ocrx_word' id='word_1_60' title='bbox 613 626 743 676; x_wconf 63' lang='lat' dir='ltr'>duco,</span> <span class='ocrx_word' id='word_1_61' title='bbox 782 627 918 664; x_wconf 89' lang='lat' dir='ltr'>locum</span> <span class='ocrx_word' id='word_1_62' title='bbox 945 628 1237 680; x_wconf 72' lang='lat' dir='ltr'>Aristophani-3</span> <span class='ocrx_word' id='word_1_63' title='bbox 1265 642 1315 666; x_wconf 83' lang='lat' dir='ltr'>ex</span> <span class='ocrx_word' id='word_1_64' title='bbox 1349 630 1649 670; x_wconf 72' lang='lat' dir='ltr'>Ecclesiazusiae</span> 
     </span>
     <span class='ocr_line' id='line_1_10' title="bbox 226 680 1645 739; baseline 0.004 -19"><span class='ocrx_word' id='word_1_65' title='bbox 226 681 349 720; x_wconf 78' lang='lat' dir='ltr'>attuli</span> <span class='ocrx_word' id='word_1_66' title='bbox 371 695 492 732; x_wconf 83' lang='lat' dir='ltr'>supra</span> <span class='ocrx_word' id='word_1_67' title='bbox 516 680 564 718; x_wconf 85' lang='lat' dir='ltr'>ad</span> <span class='ocrx_word' id='word_1_68' title='bbox 589 681 660 728; x_wconf 80' lang='lat' dir='ltr'>VI,</span> <span class='ocrx_word' id='word_1_69' title='bbox 684 695 719 735; x_wconf 83' lang='lat'>9.</span> <span class='ocrx_word' id='word_1_70' title='bbox 762 680 832 718; x_wconf 85' lang='lat' dir='ltr'>ubi</span> <span class='ocrx_word' id='word_1_71' title='bbox 855 682 977 719; x_wconf 82' lang='lat' dir='ltr'>huius</span> <span class='ocrx_word' id='word_1_72' title='bbox 1001 683 1198 721; x_wconf 76' lang='lat' dir='ltr'>vocabuli</span> <span class='ocrx_word' id='word_1_73' title='bbox 1220 683 1376 722; x_wconf 85' lang='lat' dir='ltr'>mentio</span> <span class='ocrx_word' id='word_1_74' title='bbox 1399 699 1565 739; x_wconf 81' lang='lat' dir='ltr'>quoque</span> <span class='ocrx_word' id='word_1_75' title='bbox 1587 685 1645 727; x_wconf 84' lang='lat' dir='ltr'>fit.</span> 
     </span>
     <span class='ocr_line' id='line_1_11' title="bbox 225 735 1646 789; baseline 0.004 -15"><span class='ocrx_word' id='word_1_76' title='bbox 225 739 302 778; x_wconf 86' lang='lat' dir='ltr'>Est</span> <span class='ocrx_word' id='word_1_77' title='bbox 321 746 361 774; x_wconf 87' lang='lat' dir='ltr'>et</span> <span class='ocrx_word' id='word_1_78' title='bbox 382 738 487 774; x_wconf 86' lang='lat' dir='ltr'>alius</span> <span class='ocrx_word' id='word_1_79' title='bbox 505 751 525 774; x_wconf 84' lang='lat' dir='ltr'>a</span> <span class='ocrx_word' id='word_1_80' title='bbox 549 750 610 775; x_wconf 87' lang='lat' dir='ltr'>me</span> <span class='ocrx_word' id='word_1_81' title='bbox 630 750 680 773; x_wconf 85' lang='lat' dir='ltr'>ex</span> <span class='ocrx_word' id='word_1_82' title='bbox 701 735 788 776; x_wconf 86' lang='lat' dir='ltr'>MS.</span> <span class='ocrx_word' id='word_1_83' title='bbox 812 740 998 788; x_wconf 83' lang='lat' dir='ltr'>prolatus</span> <span class='ocrx_word' id='word_1_84' title='bbox 1018 738 1067 776; x_wconf 87' lang='lat' dir='ltr'>ad</span> <span class='ocrx_word' id='word_1_85' title='bbox 1089 739 1164 789; x_wconf 88' lang='lat' dir='ltr'>IX,</span> <span class='ocrx_word' id='word_1_86' title='bbox 1199 751 1263 784; x_wconf 79' lang='lat'>72.</span> <span class='ocrx_word' id='word_1_87' title='bbox 1303 752 1325 777; x_wconf 83' lang='lat' dir='ltr'>e</span> <span class='ocrx_word' id='word_1_88' title='bbox 1349 741 1504 779; x_wconf 77' lang='lat' dir='ltr'>Comici</span> <span class='ocrx_word' id='word_1_89' title='bbox 1522 743 1646 779; x_wconf 85' lang='lat' dir='ltr'>Ana-</span> 
     </span>
     <span class='ocr_line' id='line_1_12' title="bbox 226 791 1647 848; baseline 0.004 -19"><span class='ocrx_word' id='word_1_90' title='bbox 226 806 345 846; x_wconf 83' lang='lat' dir='ltr'>gyro.</span> <span class='ocrx_word' id='word_1_91' title='bbox 383 791 564 843; x_wconf 66' lang='grc' dir='ltr'><strong><em>ἐνήλατον</em></strong></span> <span class='ocrx_word' id='word_1_92' title='bbox 584 792 705 829; x_wconf 72' lang='lat' dir='ltr'>etiam</span> <span class='ocrx_word' id='word_1_93' title='bbox 728 806 848 844; x_wconf 80' lang='lat' dir='ltr'>snpra</span> <span class='ocrx_word' id='word_1_94' title='bbox 874 793 941 841; x_wconf 81' lang='lat' dir='ltr'>VI,</span> <span class='ocrx_word' id='word_1_95' title='bbox 963 807 1002 846; x_wconf 80' lang='lat'>9.</span> <span class='ocrx_word' id='word_1_96' title='bbox 1028 795 1287 843; x_wconf 85' lang='lat' dir='ltr'>nominatur,</span> <span class='ocrx_word' id='word_1_97' title='bbox 1319 797 1503 848; x_wconf 85' lang='lat' dir='ltr'>quamvis</span> <span class='ocrx_word' id='word_1_98' title='bbox 1524 811 1647 836; x_wconf 84' lang='lat' dir='ltr'>men—</span> 
     </span>
     <span class='ocr_line' id='line_1_13' title="bbox 227 844 1644 903; baseline 0.003 -16"><span class='ocrx_word' id='word_1_99' title='bbox 227 849 326 887; x_wconf 85' lang='lat' dir='ltr'>dose</span> <span class='ocrx_word' id='word_1_100' title='bbox 346 848 505 902; x_wconf 78' lang='lat' dir='ltr'>vulgati</span> <span class='ocrx_word' id='word_1_101' title='bbox 537 844 723 898; x_wconf 73' lang='grc' dir='ltr'><strong><em>εόήλατον</em></strong></span> <span class='ocrx_word' id='word_1_102' title='bbox 752 846 954 895; x_wconf 79' lang='lat' dir='ltr'>habeant,</span> <span class='ocrx_word' id='word_1_103' title='bbox 994 847 1064 885; x_wconf 86' lang='lat' dir='ltr'>ubi</span> <span class='ocrx_word' id='word_1_104' title='bbox 1094 859 1134 886; x_wconf 85' lang='lat' dir='ltr'>et</span> <span class='ocrx_word' id='word_1_105' title='bbox 1157 846 1399 903; x_wconf 76' lang='grc' dir='ltr'><strong><em>κλιντῆριον,</em></strong></span> <span class='ocrx_word' id='word_1_106' title='bbox 1428 852 1550 891; x_wconf 81' lang='lat' dir='ltr'>etiam</span> <span class='ocrx_word' id='word_1_107' title='bbox 1574 851 1644 892; x_wconf 86' lang='lat' dir='ltr'>hio</span> 
     </span>
     <span class='ocr_line' id='line_1_14' title="bbox 222 902 1644 946; baseline 0.002 -4"><span class='ocrx_word' id='word_1_108' title='bbox 222 903 497 942; x_wconf 81' lang='lat' dir='ltr'>nominatum.</span> <span class='ocrx_word' id='word_1_109' title='bbox 557 903 719 940; x_wconf 81' lang='lat' dir='ltr'>Haereo</span> <span class='ocrx_word' id='word_1_110' title='bbox 738 911 871 940; x_wconf 85' lang='lat' dir='ltr'>tamen</span> <span class='ocrx_word' id='word_1_111' title='bbox 894 904 934 939; x_wconf 89' lang='lat' dir='ltr'>in</span> <span class='ocrx_word' id='word_1_112' title='bbox 950 902 1013 941; x_wconf 84' lang='lat' dir='ltr'>his</span> <span class='ocrx_word' id='word_1_113' title='bbox 1034 904 1163 942; x_wconf 84' lang='lat' dir='ltr'>tricis.</span> <span class='ocrx_word' id='word_1_114' title='bbox 1196 904 1362 943; x_wconf 78' lang='lat' dir='ltr'>videtur</span> <span class='ocrx_word' id='word_1_115' title='bbox 1378 906 1486 945; x_wconf 88' lang='lat' dir='ltr'>enim</span> <span class='ocrx_word' id='word_1_116' title='bbox 1506 906 1564 945; x_wconf 86' lang='lat' dir='ltr'>ibi</span> <span class='ocrx_word' id='word_1_117' title='bbox 1583 906 1644 946; x_wconf 88' lang='lat' dir='ltr'>di-</span> 
     </span>
     <span class='ocr_line' id='line_1_15' title="bbox 224 957 1643 1013; baseline 0.004 -16"><span class='ocrx_word' id='word_1_118' title='bbox 224 974 328 1008; x_wconf 86' lang='lat' dir='ltr'>cere,</span> <span class='ocrx_word' id='word_1_119' title='bbox 358 959 544 1013; x_wconf 80' lang='grc' dir='ltr'><strong><em>ἐνήλατον</em></strong></span> <span class='ocrx_word' id='word_1_120' title='bbox 561 957 669 1010; x_wconf 84' lang='lat' dir='ltr'>apud</span> <span class='ocrx_word' id='word_1_121' title='bbox 693 958 1010 1007; x_wconf 76' lang='lat' dir='ltr'>Aristophanem</span> <span class='ocrx_word' id='word_1_122' title='bbox 1023 960 1162 997; x_wconf 84' lang='lat' dir='ltr'>vocari</span> <span class='ocrx_word' id='word_1_123' title='bbox 1182 958 1406 1012; x_wconf 80' lang='grc' dir='ltr'><strong><em>κλιντήρων</em></strong></span> <span class='ocrx_word' id='word_1_124' title='bbox 1420 976 1430 986; x_wconf 86' lang='lat'><strong>·</strong></span> <span class='ocrx_word' id='word_1_125' title='bbox 1461 961 1643 1004; x_wconf 64' lang='lat' dir='ltr'>hiemu-</span> 
     </span>
     <span class='ocr_line' id='line_1_16' title="bbox 222 1013 1645 1070; baseline 0.002 -16"><span class='ocrx_word' id='word_1_126' title='bbox 222 1013 360 1067; x_wconf 73' lang='grc' dir='ltr'><strong><em>τήριον</em></strong></span> <span class='ocrx_word' id='word_1_127' title='bbox 382 1030 472 1053; x_wconf 91' lang='lat' dir='ltr'>cum</span> <span class='ocrx_word' id='word_1_128' title='bbox 492 1015 665 1070; x_wconf 78' lang='grc' dir='ltr'><strong><em>κλινιδίῳ</em></strong></span> <span class='ocrx_word' id='word_1_129' title='bbox 685 1013 792 1051; x_wconf 86' lang='lat' dir='ltr'>idem</span> <span class='ocrx_word' id='word_1_130' title='bbox 815 1027 902 1051; x_wconf 85' lang='lat' dir='ltr'>esse</span> <span class='ocrx_word' id='word_1_131' title='bbox 921 1028 975 1052; x_wconf 85' lang='lat' dir='ltr'>ex</span> <span class='ocrx_word' id='word_1_132' title='bbox 999 1014 1141 1052; x_wconf 88' lang='lat' dir='ltr'>eodem</span> <span class='ocrx_word' id='word_1_133' title='bbox 1163 1016 1458 1066; x_wconf 66' lang='lat' dir='ltr'>Aristophane,</span> <span class='ocrx_word' id='word_1_134' title='bbox 1488 1017 1524 1056; x_wconf 74' lang='lat' dir='ltr'>si</span> <span class='ocrx_word' id='word_1_135' title='bbox 1546 1021 1645 1057; x_wconf 89' lang='lat' dir='ltr'>vul-</span> 
     </span>
     <span class='ocr_line' id='line_1_17' title="bbox 223 1068 1644 1125; baseline 0.002 -17"><span class='ocrx_word' id='word_1_136' title='bbox 223 1081 317 1125; x_wconf 85' lang='lat' dir='ltr'>gata</span> <span class='ocrx_word' id='word_1_137' title='bbox 339 1071 464 1110; x_wconf 85' lang='lat' dir='ltr'>lectio</span> <span class='ocrx_word' id='word_1_138' title='bbox 484 1081 591 1109; x_wconf 77' lang='lat' dir='ltr'>recta</span> <span class='ocrx_word' id='word_1_139' title='bbox 606 1099 616 1117; x_wconf 87' lang='lat'><strong><em>‚</em></strong></span> <span class='ocrx_word' id='word_1_140' title='bbox 647 1069 780 1109; x_wconf 87' lang='lat' dir='ltr'>docet.</span> <span class='ocrx_word' id='word_1_141' title='bbox 821 1068 1006 1119; x_wconf 79' lang='grc' dir='ltr'><strong><em>ἐνήλατον</em></strong></span> <span class='ocrx_word' id='word_1_142' title='bbox 1025 1084 1123 1108; x_wconf 88' lang='lat' dir='ltr'>vero</span> <span class='ocrx_word' id='word_1_143' title='bbox 1145 1081 1299 1122; x_wconf 84' lang='lat' dir='ltr'>partem</span> <span class='ocrx_word' id='word_1_144' title='bbox 1322 1073 1420 1111; x_wconf 85' lang='lat' dir='ltr'>lecti</span> <span class='ocrx_word' id='word_1_145' title='bbox 1442 1073 1566 1120; x_wconf 86' lang='lat' dir='ltr'>facit,</span> <span class='ocrx_word' id='word_1_146' title='bbox 1596 1083 1644 1112; x_wconf 91' lang='lat' dir='ltr'>ut</span> 
     </span>
     <span class='ocr_line' id='line_1_18' title="bbox 222 1123 1643 1181; baseline 0.002 -18"><span class='ocrx_word' id='word_1_147' title='bbox 222 1127 347 1166; x_wconf 84' lang='lat' dir='ltr'>etiam</span> <span class='ocrx_word' id='word_1_148' title='bbox 371 1141 492 1179; x_wconf 85' lang='lat' dir='ltr'>supra</span> <span class='ocrx_word' id='word_1_149' title='bbox 526 1127 651 1174; x_wconf 83' lang='lat' dir='ltr'>alios,</span> <span class='ocrx_word' id='word_1_150' title='bbox 682 1125 751 1178; x_wconf 87' lang='lat' dir='ltr'>qui</span> <span class='ocrx_word' id='word_1_151' title='bbox 779 1123 827 1162; x_wconf 90' lang='lat' dir='ltr'>de</span> <span class='ocrx_word' id='word_1_152' title='bbox 848 1125 1017 1181; x_wconf 78' lang='grc' dir='ltr'><strong><em>ἐνηλάτῳ</em></strong></span> <span class='ocrx_word' id='word_1_153' title='bbox 1037 1125 1143 1164; x_wconf 81' lang='lat' dir='ltr'>idem</span> <span class='ocrx_word' id='word_1_154' title='bbox 1167 1126 1327 1177; x_wconf 85' lang='lat' dir='ltr'>dicunt,</span> <span class='ocrx_word' id='word_1_155' title='bbox 1356 1128 1492 1170; x_wconf 77' lang='lat' dir='ltr'>attuli,</span> <span class='ocrx_word' id='word_1_156' title='bbox 1548 1130 1643 1168; x_wconf 89' lang='lat' dir='ltr'>Lu-</span> 
     </span>
     <span class='ocr_line' id='line_1_19' title="bbox 220 1178 1641 1232; baseline 0.002 -12"><span class='ocrx_word' id='word_1_157' title='bbox 220 1182 292 1220; x_wconf 86' lang='lat' dir='ltr'>bet</span> <span class='ocrx_word' id='word_1_158' title='bbox 314 1193 355 1220; x_wconf 85' lang='lat' dir='ltr'>et</span> <span class='ocrx_word' id='word_1_159' title='bbox 384 1181 464 1220; x_wconf 89' lang='lat' dir='ltr'>hoc</span> <span class='ocrx_word' id='word_1_160' title='bbox 494 1181 714 1231; x_wconf 75' lang='lat' dir='ltr'>adponere,</span> <span class='ocrx_word' id='word_1_161' title='bbox 748 1178 911 1232; x_wconf 77' lang='grc' dir='ltr'><strong><em>ἐνήλατα</em></strong></span> <span class='ocrx_word' id='word_1_162' title='bbox 947 1191 1126 1232; x_wconf 82' lang='lat' dir='ltr'>quatuor</span> <span class='ocrx_word' id='word_1_163' title='bbox 1156 1182 1299 1225; x_wconf 75' lang='lat' dir='ltr'>fuisse.</span> <span class='ocrx_word' id='word_1_164' title='bbox 1358 1184 1641 1223; x_wconf 69' lang='lat' dir='ltr'>Artemidorus</span> 
     </span>
     <span class='ocr_line' id='line_1_20' title="bbox 218 1236 1641 1291; baseline 0.002 -14"><span class='ocrx_word' id='word_1_165' title='bbox 218 1238 294 1277; x_wconf 87' lang='lat' dir='ltr'>lib.</span> <span class='ocrx_word' id='word_1_166' title='bbox 308 1238 341 1275; x_wconf 93' lang='grc' dir='ltr'>Ῑ.</span> <span class='ocrx_word' id='word_1_167' title='bbox 355 1238 583 1278; x_wconf 85' lang='lat' dir='ltr'>Onirocrit.</span> <span class='ocrx_word' id='word_1_168' title='bbox 606 1250 695 1288; x_wconf 86' lang='lat' dir='ltr'>cap.</span> <span class='ocrx_word' id='word_1_169' title='bbox 718 1236 782 1288; x_wconf 81' lang='lat'>76.</span> <span class='ocrx_word' id='word_1_170' title='bbox 814 1241 888 1277; x_wconf 78' lang='grc' dir='ltr'>τῶν</span> <span class='ocrx_word' id='word_1_171' title='bbox 910 1237 949 1278; x_wconf 75' lang='grc' dir='ltr'>δὲ</span> <span class='ocrx_word' id='word_1_172' title='bbox 968 1236 1161 1288; x_wconf 79' lang='grc' dir='ltr'><strong><em>ἐνηλάτων</em></strong></span> <span class='ocrx_word' id='word_1_173' title='bbox 1179 1236 1221 1278; x_wconf 75' lang='lat' dir='ltr'>‘cd</span> <span class='ocrx_word' id='word_1_174' title='bbox 1241 1239 1310 1289; x_wconf 81' lang='grc' dir='ltr'>μὲν</span> <span class='ocrx_word' id='word_1_175' title='bbox 1331 1240 1413 1288; x_wconf 77' lang='grc' dir='ltr'><strong><em>ἔξω,</em></strong></span> <span class='ocrx_word' id='word_1_176' title='bbox 1437 1242 1549 1288; x_wconf 80' lang='grc' dir='ltr'><strong><em>ἰδίως</em></strong></span> <span class='ocrx_word' id='word_1_177' title='bbox 1568 1239 1641 1291; x_wconf 83' lang='grc' dir='ltr'>τὴν</span> 
     </span>
     <span class='ocr_line' id='line_1_21' title="bbox 219 1292 1637 1349; baseline 0.002 -15"><span class='ocrx_word' id='word_1_178' title='bbox 219 1300 403 1349; x_wconf 76' lang='grc' dir='ltr'><strong><em>γυναῖκα·</em></strong></span> <span class='ocrx_word' id='word_1_179' title='bbox 444 1295 638 1345; x_wconf 82' lang='grc' dir='ltr'><strong><em>(σημαίνει</em></strong></span> <span class='ocrx_word' id='word_1_180' title='bbox 671 1292 712 1328; x_wconf 78' lang='lat' dir='ltr'>in</span> <span class='ocrx_word' id='word_1_181' title='bbox 734 1293 889 1330; x_wconf 73' lang='lat' dir='ltr'>somnis</span> <span class='ocrx_word' id='word_1_182' title='bbox 911 1293 1058 1340; x_wconf 71' lang='lat' dir='ltr'>visum)</span> <span class='ocrx_word' id='word_1_183' title='bbox 1086 1292 1128 1334; x_wconf 86' lang='grc' dir='ltr'>τὸ</span> <span class='ocrx_word' id='word_1_184' title='bbox 1154 1296 1194 1334; x_wconf 83' lang='grc' dir='ltr'>δὲ</span> <span class='ocrx_word' id='word_1_185' title='bbox 1213 1295 1300 1341; x_wconf 73' lang='grc' dir='ltr'><strong><em>ἔσω,</em></strong></span> <span class='ocrx_word' id='word_1_186' title='bbox 1331 1292 1400 1335; x_wconf 76' lang='grc' dir='ltr'>τόν</span> <span class='ocrx_word' id='word_1_187' title='bbox 1421 1294 1568 1348; x_wconf 72' lang='grc' dir='ltr'><strong><em>ἄνδρα·</em></strong></span> <span class='ocrx_word' id='word_1_188' title='bbox 1594 1294 1637 1338; x_wconf 74' lang='lat' dir='ltr'>td</span> 
     </span>
     <span class='ocr_line' id='line_1_22' title="bbox 221 1345 1640 1404; baseline 0.001 -13"><span class='ocrx_word' id='word_1_189' title='bbox 221 1350 260 1391; x_wconf 80' lang='grc' dir='ltr'>δὲ</span> <span class='ocrx_word' id='word_1_190' title='bbox 278 1350 379 1400; x_wconf 83' lang='grc' dir='ltr'><strong><em>πρὸς</em></strong></span> <span class='ocrx_word' id='word_1_191' title='bbox 403 1354 450 1404; x_wconf 78' lang='grc' dir='ltr'>τῇ</span> <span class='ocrx_word' id='word_1_192' title='bbox 469 1353 636 1404; x_wconf 77' lang='grc' dir='ltr'><strong><em>κεφαλῇ,</em></strong></span> <span class='ocrx_word' id='word_1_193' title='bbox 666 1348 780 1388; x_wconf 82' lang='grc' dir='ltr'><strong><em>τέκνα</em></strong></span> <span class='ocrx_word' id='word_1_194' title='bbox 798 1345 1003 1400; x_wconf 74' lang='grc' dir='ltr'><strong><em>αρσενικά·</em></strong></span> <span class='ocrx_word' id='word_1_195' title='bbox 1033 1345 1076 1389; x_wconf 85' lang='grc' dir='ltr'>τὸ</span> <span class='ocrx_word' id='word_1_196' title='bbox 1097 1348 1137 1389; x_wconf 80' lang='grc' dir='ltr'>δὲ</span> <span class='ocrx_word' id='word_1_197' title='bbox 1153 1348 1253 1402; x_wconf 80' lang='grc' dir='ltr'><strong><em>πρὸς</em></strong></span> <span class='ocrx_word' id='word_1_198' title='bbox 1271 1355 1352 1397; x_wconf 87' lang='grc' dir='ltr'><strong><em>τοῖς</em></strong></span> <span class='ocrx_word' id='word_1_199' title='bbox 1369 1352 1482 1400; x_wconf 83' lang='grc' dir='ltr'><strong><em>ποσὶ,</em></strong></span> <span class='ocrx_word' id='word_1_200' title='bbox 1509 1355 1640 1403; x_wconf 76' lang='grc' dir='ltr'><strong><em>θηλυ-</em></strong></span> 
     </span>
     <span class='ocr_line' id='line_1_23' title="bbox 218 1402 1637 1459; baseline 0.001 -12"><span class='ocrx_word' id='word_1_201' title='bbox 218 1404 268 1447; x_wconf 80' lang='grc' dir='ltr'>κᾶ</span> <span class='ocrx_word' id='word_1_202' title='bbox 294 1407 406 1446; x_wconf 79' lang='grc' dir='ltr'><strong><em>τέκνα</em></strong></span> <span class='ocrx_word' id='word_1_203' title='bbox 420 1417 428 1425; x_wconf 83' lang='grc'><em>“</em></span> <span class='ocrx_word' id='word_1_204' title='bbox 457 1408 552 1445; x_wconf 80' lang='grc' dir='ltr'><strong><em>κατα</em></strong></span> <span class='ocrx_word' id='word_1_205' title='bbox 571 1410 688 1444; x_wconf 82' lang='grc' dir='ltr'><strong><em>ταῦτα</em></strong></span> <span class='ocrx_word' id='word_1_206' title='bbox 710 1403 748 1444; x_wconf 78' lang='grc' dir='ltr'>ὑὲ</span> <span class='ocrx_word' id='word_1_207' title='bbox 767 1410 847 1451; x_wconf 85' lang='grc' dir='ltr'><strong><em>τοῖς</em></strong></span> <span class='ocrx_word' id='word_1_208' title='bbox 870 1402 1070 1456; x_wconf 78' lang='grc' dir='ltr'><strong><em>ἐνηλάτοις</em></strong></span> <span class='ocrx_word' id='word_1_209' title='bbox 1095 1406 1160 1446; x_wconf 82' lang='grc' dir='ltr'>καὶ</span> <span class='ocrx_word' id='word_1_210' title='bbox 1191 1407 1231 1446; x_wconf 84' lang='grc' dir='ltr'><strong><em>οἴ</em></strong></span> <span class='ocrx_word' id='word_1_211' title='bbox 1249 1411 1374 1459; x_wconf 85' lang='grc' dir='ltr'><strong><em>τοῖχοι</em></strong></span> <span class='ocrx_word' id='word_1_212' title='bbox 1398 1412 1475 1447; x_wconf 80' lang='grc' dir='ltr'>τῶν</span> <span class='ocrx_word' id='word_1_213' title='bbox 1492 1411 1637 1449; x_wconf 76' lang='grc' dir='ltr'><strong><em>κλινῶν</em></strong></span> 
     </span>
     <span class='ocr_line' id='line_1_24' title="bbox 219 1462 790 1515; baseline -0.005 -11"><span class='ocrx_word' id='word_1_214' title='bbox 219 1462 627 1515; x_wconf 78' lang='grc' dir='ltr'><strong><em>διαλαμβανέσθωσαν.</em></strong></span> <span class='ocrx_word' id='word_1_215' title='bbox 684 1465 790 1496; x_wconf 78' lang='lat' dir='ltr'><strong>IUNG·</strong></span> 
     </span>
    </p>

    <p class='ocr_par' dir='ltr' id='par_1_4' title="bbox 213 1512 1634 1799">
     <span class='ocr_line' id='line_1_25' title="bbox 330 1512 1634 1571; baseline 0.001 -13"><span class='ocrx_word' id='word_1_216' title='bbox 330 1522 544 1567; x_wconf 75' lang='grc' dir='ltr'><strong><em>Σοφοκλῆς</em></strong></span> <span class='ocrx_word' id='word_1_217' title='bbox 563 1514 605 1557; x_wconf 78' lang='grc' dir='ltr'>δ’</span> <span class='ocrx_word' id='word_1_218' title='bbox 623 1516 663 1555; x_wconf 79' lang='grc' dir='ltr'>ἐν</span> <span class='ocrx_word' id='word_1_219' title='bbox 680 1512 749 1567; x_wconf 86' lang='grc' dir='ltr'>Ἰχ-</span> <span class='ocrx_word' id='word_1_220' title='bbox 773 1515 873 1568; x_wconf 61' lang='lat' dir='ltr'>eta]</span> <span class='ocrx_word' id='word_1_221' title='bbox 912 1516 1078 1553; x_wconf 84' lang='lat' dir='ltr'>Desunt</span> <span class='ocrx_word' id='word_1_222' title='bbox 1107 1515 1150 1552; x_wconf 86' lang='lat' dir='ltr'>in</span> <span class='ocrx_word' id='word_1_223' title='bbox 1173 1516 1264 1554; x_wconf 88' lang='lat' dir='ltr'>MS·</span> <span class='ocrx_word' id='word_1_224' title='bbox 1294 1520 1401 1565; x_wconf 88' lang='grc' dir='ltr'><strong><em>Σοφ.</em></strong></span> <span class='ocrx_word' id='word_1_225' title='bbox 1426 1514 1525 1559; x_wconf 82' lang='grc' dir='ltr'><strong><em>δ’ἔν</em></strong></span> <span class='ocrx_word' id='word_1_226' title='bbox 1542 1513 1634 1571; x_wconf 84' lang='grc' dir='ltr'><strong><em>Ἰχν.</em></strong></span> 
     </span>
     <span class='ocr_line' id='line_1_26' title="bbox 220 1569 1633 1626; baseline -0.002 -11"><span class='ocrx_word' id='word_1_227' title='bbox 220 1578 268 1615; x_wconf 89' lang='grc' dir='ltr'>Σ.</span> <span class='ocrx_word' id='word_1_228' title='bbox 291 1575 322 1615; x_wconf 70' lang='grc' dir='ltr'>ἕ.</span> <span class='ocrx_word' id='word_1_229' title='bbox 343 1575 371 1615; x_wconf 55' lang='grc' dir='ltr'>ἐι</span> <span class='ocrx_word' id='word_1_230' title='bbox 397 1578 430 1622; x_wconf 82' lang='grc' dir='ltr'>ξ.</span> <span class='ocrx_word' id='word_1_231' title='bbox 460 1590 518 1626; x_wconf 81' lang='grc' dir='ltr'>τρ.</span> <span class='ocrx_word' id='word_1_232' title='bbox 551 1575 586 1613; x_wconf 81' lang='grc' dir='ltr'>ὁ.</span> <span class='ocrx_word' id='word_1_233' title='bbox 617 1574 762 1612; x_wconf 80' lang='grc' dir='ltr'><strong><em>δεῖται·</em></strong></span> <span class='ocrx_word' id='word_1_234' title='bbox 805 1572 1011 1622; x_wconf 75' lang='lat' dir='ltr'><em>Sophoclis</em></span> <span class='ocrx_word' id='word_1_235' title='bbox 1039 1570 1174 1609; x_wconf 84' lang='lat' dir='ltr'>drama</span> <span class='ocrx_word' id='word_1_236' title='bbox 1203 1574 1343 1610; x_wconf 85' lang='lat' dir='ltr'>saltem</span> <span class='ocrx_word' id='word_1_237' title='bbox 1367 1569 1566 1626; x_wconf 77' lang='grc' dir='ltr'><strong><em>Ἰχνευτᾶς</em></strong></span> <span class='ocrx_word' id='word_1_238' title='bbox 1583 1573 1633 1612; x_wconf 88' lang='lat' dir='ltr'>ab</span> 
     </span>
     <span class='ocr_line' id='line_1_27' title="bbox 216 1625 1632 1670; baseline -0.004 -1"><span class='ocrx_word' id='word_1_239' title='bbox 216 1631 431 1670; x_wconf 79' lang='lat' dir='ltr'>Athenaeo</span> <span class='ocrx_word' id='word_1_240' title='bbox 468 1628 673 1667; x_wconf 83' lang='lat' dir='ltr'>nominari</span> <span class='ocrx_word' id='word_1_241' title='bbox 714 1625 871 1663; x_wconf 78' lang='lat' dir='ltr'>indicat</span> <span class='ocrx_word' id='word_1_242' title='bbox 911 1626 1083 1667; x_wconf 74' lang='lat' dir='ltr'>casaub.</span> <span class='ocrx_word' id='word_1_243' title='bbox 1117 1638 1255 1666; x_wconf 75' lang='lat' dir='ltr'>noster</span> <span class='ocrx_word' id='word_1_244' title='bbox 1285 1628 1377 1666; x_wconf 80' lang='lat' dir='ltr'>VH.</span> <span class='ocrx_word' id='word_1_245' title='bbox 1411 1629 1558 1668; x_wconf 76' lang='lat' dir='ltr'>Athen.</span> <span class='ocrx_word' id='word_1_246' title='bbox 1593 1629 1632 1670; x_wconf 82' lang='grc'>4,</span> 
     </span>
     <span class='ocr_line' id='line_1_28' title="bbox 217 1682 1634 1735; baseline 0 -10"><span class='ocrx_word' id='word_1_247' title='bbox 217 1686 406 1725; x_wconf 88' lang='lat' dir='ltr'>meminit</span> <span class='ocrx_word' id='word_1_248' title='bbox 435 1695 475 1723; x_wconf 87' lang='lat' dir='ltr'>et</span> <span class='ocrx_word' id='word_1_249' title='bbox 501 1685 551 1723; x_wconf 88' lang='lat' dir='ltr'>de</span> <span class='ocrx_word' id='word_1_250' title='bbox 572 1685 765 1735; x_wconf 73' lang='lat' dir='ltr'>Satyrion</span> <span class='ocrx_word' id='word_1_251' title='bbox 792 1683 918 1720; x_wconf 75' lang='grc' dir='ltr'><em>Ροέεἰ</em></span> <span class='ocrx_word' id='word_1_252' title='bbox 938 1682 1011 1722; x_wconf 84' lang='lat' dir='ltr'>lib.</span> <span class='ocrx_word' id='word_1_253' title='bbox 1037 1682 1070 1721; x_wconf 90' lang='lat' dir='ltr'>I.</span> <span class='ocrx_word' id='word_1_254' title='bbox 1101 1696 1134 1722; x_wconf 85' lang='lat' dir='ltr'>c.</span> <span class='ocrx_word' id='word_1_255' title='bbox 1159 1682 1198 1722; x_wconf 78' lang='grc'>5.</span> <span class='ocrx_word' id='word_1_256' title='bbox 1238 1683 1510 1734; x_wconf 76' lang='lat' dir='ltr'>Sophocleum</span> <span class='ocrx_word' id='word_1_257' title='bbox 1535 1699 1634 1725; x_wconf 81' lang='lat' dir='ltr'>veto</span> 
     </span>
     <span class='ocr_line' id='line_1_29' title="bbox 213 1737 1542 1799; baseline -0.004 -15"><span class='ocrx_word' id='word_1_258' title='bbox 213 1744 354 1799; x_wconf 76' lang='grc' dir='ltr'><strong><em>χρῆσιν</em></strong></span> <span class='ocrx_word' id='word_1_259' title='bbox 371 1739 590 1780; x_wconf 84' lang='lat' dir='ltr'><strong>admodum</strong></span> <span class='ocrx_word' id='word_1_260' title='bbox 611 1737 771 1777; x_wconf 86' lang='lat' dir='ltr'>erudite</span> <span class='ocrx_word' id='word_1_261' title='bbox 797 1737 1033 1776; x_wconf 85' lang='lat' dir='ltr'>emendavit</span> <span class='ocrx_word' id='word_1_262' title='bbox 1055 1748 1193 1778; x_wconf 82' lang='lat' dir='ltr'>noster</span> <span class='ocrx_word' id='word_1_263' title='bbox 1207 1739 1440 1778; x_wconf 73' lang='lat' dir='ltr'>Salmasius</span> <span class='ocrx_word' id='word_1_264' title='bbox 1462 1740 1542 1779; x_wconf 84' lang='lat' dir='ltr'>ita:</span> 
     </span>
    </p>

    <p class='ocr_par' dir='ltr' id='par_1_5' title="bbox 223 1791 1336 1904">
     <span class='ocr_line' id='line_1_30' title="bbox 223 1791 1071 1848; baseline -0.006 -10"><span class='ocrx_word' id='word_1_265' title='bbox 223 1807 226 1811; x_wconf 82' lang='lat'><em>&#39;</em></span> <span class='ocrx_word' id='word_1_266' title='bbox 427 1819 482 1827; x_wconf 85' lang='lat'>--</span> <span class='ocrx_word' id='word_1_267' title='bbox 503 1795 696 1848; x_wconf 75' lang='grc' dir='ltr'><strong><em>ἐνηλάτων</em></strong></span> <span class='ocrx_word' id='word_1_268' title='bbox 719 1797 801 1843; x_wconf 86' lang='lat' dir='ltr'>(vel</span> <span class='ocrx_word' id='word_1_269' title='bbox 819 1795 870 1841; x_wconf 86' lang='grc' dir='ltr'>εἰς</span> <span class='ocrx_word' id='word_1_270' title='bbox 889 1791 1071 1848; x_wconf 75' lang='grc' dir='ltr'><strong><em>ἐνήλατα)</em></strong></span> 
     </span>
     <span class='ocr_line' id='line_1_31' title="bbox 426 1845 1336 1904; baseline -0.002 -12"><span class='ocrx_word' id='word_1_271' title='bbox 426 1850 519 1902; x_wconf 79' lang='grc' dir='ltr'><strong><em>ξύλα</em></strong></span> <span class='ocrx_word' id='word_1_272' title='bbox 539 1854 731 1904; x_wconf 78' lang='grc' dir='ltr'><strong><em>τρίγυμφα</em></strong></span> <span class='ocrx_word' id='word_1_273' title='bbox 754 1852 986 1902; x_wconf 79' lang='grc' dir='ltr'><strong><em>διατορῶσαι</em></strong></span> <span class='ocrx_word' id='word_1_274' title='bbox 1005 1845 1174 1890; x_wconf 77' lang='grc' dir='ltr'><em>δεῖτᾶδε.</em></span> <span class='ocrx_word' id='word_1_275' title='bbox 1229 1855 1336 1890; x_wconf 69' lang='lat' dir='ltr'>que.</span> 
     </span>
    </p>

    <p class='ocr_par' dir='ltr' id='par_1_6' title="bbox 206 1902 1675 2565">
     <span class='ocr_line' id='line_1_32' title="bbox 321 1902 1632 1961; baseline -0.008 -10"><span class='ocrx_word' id='word_1_276' title='bbox 321 1912 535 1961; x_wconf 79' lang='grc' dir='ltr'><strong><em>Σοφοκλῆς</em></strong></span> <span class='ocrx_word' id='word_1_277' title='bbox 559 1904 598 1947; x_wconf 79' lang='grc' dir='ltr'>δ’</span> <span class='ocrx_word' id='word_1_278' title='bbox 617 1908 656 1947; x_wconf 79' lang='grc' dir='ltr'>ἐν</span> <span class='ocrx_word' id='word_1_279' title='bbox 673 1903 885 1958; x_wconf 81' lang='grc' dir='ltr'><strong><em>Ἰχνευταῖς</em></strong></span> <span class='ocrx_word' id='word_1_280' title='bbox 903 1902 1127 1959; x_wconf 79' lang='grc' dir='ltr'><strong><em>Σατύροις]</em></strong></span> <span class='ocrx_word' id='word_1_281' title='bbox 1156 1904 1253 1944; x_wconf 89' lang='lat' dir='ltr'>Non</span> <span class='ocrx_word' id='word_1_282' title='bbox 1274 1903 1465 1958; x_wconf 84' lang='lat' dir='ltr'>equidem</span> <span class='ocrx_word' id='word_1_283' title='bbox 1483 1903 1528 1944; x_wconf 81' lang='lat' dir='ltr'>in</span> <span class='ocrx_word' id='word_1_284' title='bbox 1550 1921 1632 1946; x_wconf 84' lang='lat' dir='ltr'>me.</span> 
     </span>
     <span class='ocr_line' id='line_1_33' title="bbox 210 1960 1630 2015; baseline -0.001 -11"><span class='ocrx_word' id='word_1_285' title='bbox 210 1966 382 2007; x_wconf 85' lang='lat' dir='ltr'>moriam</span> <span class='ocrx_word' id='word_1_286' title='bbox 410 1977 589 2011; x_wconf 84' lang='lat' dir='ltr'>revoco,</span> <span class='ocrx_word' id='word_1_287' title='bbox 619 1962 770 2015; x_wconf 83' lang='lat' dir='ltr'>legisse</span> <span class='ocrx_word' id='word_1_288' title='bbox 797 1975 977 2012; x_wconf 84' lang='lat' dir='ltr'>unquam</span> <span class='ocrx_word' id='word_1_289' title='bbox 1012 1961 1191 1999; x_wconf 83' lang='lat' dir='ltr'>fabulam</span> <span class='ocrx_word' id='word_1_290' title='bbox 1221 1961 1402 2013; x_wconf 81' lang='lat' dir='ltr'>aliquam</span> <span class='ocrx_word' id='word_1_291' title='bbox 1423 1960 1630 2015; x_wconf 80' lang='grc' dir='ltr'><strong><em>Σατύρων,</em></strong></span> 
     </span>
     <span class='ocr_line' id='line_1_34' title="bbox 210 2016 1630 2071; baseline 0.002 -17"><span class='ocrx_word' id='word_1_292' title='bbox 210 2023 282 2062; x_wconf 66' lang='lat' dir='ltr'>sed</span> <span class='ocrx_word' id='word_1_293' title='bbox 306 2018 510 2071; x_wconf 61' lang='grc' dir='ltr'><strong><em>Σατύρους</em></strong></span> <span class='ocrx_word' id='word_1_294' title='bbox 529 2032 700 2069; x_wconf 81' lang='lat' dir='ltr'>semper,</span> <span class='ocrx_word' id='word_1_295' title='bbox 732 2031 808 2069; x_wconf 86' lang='lat' dir='ltr'>qua</span> <span class='ocrx_word' id='word_1_296' title='bbox 831 2016 880 2055; x_wconf 86' lang='lat' dir='ltr'>de</span> <span class='ocrx_word' id='word_1_297' title='bbox 899 2031 940 2055; x_wconf 82' lang='lat' dir='ltr'>re</span> <span class='ocrx_word' id='word_1_298' title='bbox 956 2020 1187 2055; x_wconf 79' lang='lat' dir='ltr'>luculenter</span> <span class='ocrx_word' id='word_1_299' title='bbox 1205 2016 1290 2070; x_wconf 84' lang='lat' dir='ltr'>egit</span> <span class='ocrx_word' id='word_1_300' title='bbox 1310 2017 1451 2058; x_wconf 73' lang='lat' dir='ltr'><strong><em>Isaac.</em></strong></span> <span class='ocrx_word' id='word_1_301' title='bbox 1473 2018 1630 2057; x_wconf 77' lang='lat' dir='ltr'>Camu-</span> 
     </span>
     <span class='ocr_line' id='line_1_35' title="bbox 209 2071 1627 2127; baseline -0.003 -10"><span class='ocrx_word' id='word_1_302' title='bbox 209 2081 336 2118; x_wconf 70' lang='lat' dir='ltr'>bonus</span> <span class='ocrx_word' id='word_1_303' title='bbox 369 2076 418 2114; x_wconf 87' lang='lat' dir='ltr'>de</span> <span class='ocrx_word' id='word_1_304' title='bbox 455 2077 593 2124; x_wconf 82' lang='lat' dir='ltr'>Satyr.</span> <span class='ocrx_word' id='word_1_305' title='bbox 618 2075 753 2109; x_wconf 65' lang='lat' dir='ltr'>Pok&#39;si.</span> <span class='ocrx_word' id='word_1_306' title='bbox 793 2071 842 2109; x_wconf 89' lang='lat' dir='ltr'>ad</span> <span class='ocrx_word' id='word_1_307' title='bbox 874 2072 933 2110; x_wconf 86' lang='lat' dir='ltr'>rei</span> <span class='ocrx_word' id='word_1_308' title='bbox 959 2072 1103 2124; x_wconf 83' lang='lat' dir='ltr'>itaque</span> <span class='ocrx_word' id='word_1_309' title='bbox 1125 2071 1337 2110; x_wconf 78' lang='lat' dir='ltr'>veritatem</span> <span class='ocrx_word' id='word_1_310' title='bbox 1360 2073 1566 2127; x_wconf 82' lang='grc' dir='ltr'><strong><em>Σατύρους</em></strong></span> <span class='ocrx_word' id='word_1_311' title='bbox 1583 2074 1627 2113; x_wconf 85' lang='lat' dir='ltr'>in</span> 
     </span>
     <span class='ocr_line' id='line_1_36' title="bbox 208 2126 1628 2178; baseline -0.004 -6"><span class='ocrx_word' id='word_1_312' title='bbox 208 2134 399 2176; x_wconf 69' lang='lat' dir='ltr'>Pollae-eo</span> <span class='ocrx_word' id='word_1_313' title='bbox 428 2139 545 2170; x_wconf 85' lang='lat' dir='ltr'>textu</span> <span class='ocrx_word' id='word_1_314' title='bbox 577 2126 774 2171; x_wconf 79' lang='lat' dir='ltr'>exhibui,</span> <span class='ocrx_word' id='word_1_315' title='bbox 819 2141 938 2178; x_wconf 81' lang='lat' dir='ltr'>quam</span> <span class='ocrx_word' id='word_1_316' title='bbox 972 2127 1139 2166; x_wconf 86' lang='lat' dir='ltr'>eandem</span> <span class='ocrx_word' id='word_1_317' title='bbox 1167 2126 1497 2167; x_wconf 81' lang='lat' dir='ltr'>emendationem</span> <span class='ocrx_word' id='word_1_318' title='bbox 1518 2128 1628 2168; x_wconf 83' lang='lat' dir='ltr'>vidit</span> 
     </span>
     <span class='ocr_line' id='line_1_37' title="bbox 209 2182 1675 2235; baseline -0.005 -6"><span class='ocrx_word' id='word_1_319' title='bbox 209 2191 333 2230; x_wconf 82' lang='lat' dir='ltr'>etiam</span> <span class='ocrx_word' id='word_1_320' title='bbox 361 2197 401 2227; x_wconf 83' lang='lat' dir='ltr'>et</span> <span class='ocrx_word' id='word_1_321' title='bbox 428 2185 606 2225; x_wconf 82' lang='lat' dir='ltr'>adseruit</span> <span class='ocrx_word' id='word_1_322' title='bbox 630 2182 693 2221; x_wconf 91' lang='lat' dir='ltr'>vir</span> <span class='ocrx_word' id='word_1_323' title='bbox 716 2182 976 2220; x_wconf 77' lang='lat' dir='ltr'>acutissimus</span> <span class='ocrx_word' id='word_1_324' title='bbox 1005 2185 1220 2220; x_wconf 72' lang='lat' dir='ltr'>Bentleius</span> <span class='ocrx_word' id='word_1_325' title='bbox 1238 2183 1426 2235; x_wconf 74' lang='lat' dir='ltr'>Epistola</span> <span class='ocrx_word' id='word_1_326' title='bbox 1448 2183 1498 2221; x_wconf 87' lang='lat' dir='ltr'>ad</span> <span class='ocrx_word' id='word_1_327' title='bbox 1521 2186 1628 2222; x_wconf 76' lang='lat' dir='ltr'><em>Mil·</em></span> <span class='ocrx_word' id='word_1_328' title='bbox 1672 2182 1675 2185; x_wconf 75' lang='grc'><strong>’</strong></span> 
     </span>
     <span class='ocr_line' id='line_1_38' title="bbox 211 2237 1626 2290; baseline -0.004 -6"><span class='ocrx_word' id='word_1_329' title='bbox 211 2248 314 2286; x_wconf 82' lang='lat' dir='ltr'>lium</span> <span class='ocrx_word' id='word_1_330' title='bbox 335 2242 523 2283; x_wconf 76' lang='lat' dir='ltr'>Malalae</span> <span class='ocrx_word' id='word_1_331' title='bbox 542 2239 726 2278; x_wconf 77' lang='lat' dir='ltr'>subiecta</span> <span class='ocrx_word' id='word_1_332' title='bbox 741 2252 828 2290; x_wconf 81' lang='lat' dir='ltr'>pag.</span> <span class='ocrx_word' id='word_1_333' title='bbox 851 2239 908 2277; x_wconf 77' lang='lat'>15.</span> <span class='ocrx_word' id='word_1_334' title='bbox 938 2237 1010 2275; x_wconf 84' lang='lat' dir='ltr'>ubi</span> <span class='ocrx_word' id='word_1_335' title='bbox 1029 2238 1216 2288; x_wconf 81' lang='lat' dir='ltr'>pluribus</span> <span class='ocrx_word' id='word_1_336' title='bbox 1233 2237 1436 2289; x_wconf 75' lang='lat' dir='ltr'>exemplis</span> <span class='ocrx_word' id='word_1_337' title='bbox 1450 2238 1491 2275; x_wconf 86' lang='lat' dir='ltr'>id</span> <span class='ocrx_word' id='word_1_338' title='bbox 1504 2253 1626 2279; x_wconf 90' lang='lat' dir='ltr'>omne</span> 
     </span>
     <span class='ocr_line' id='line_1_39' title="bbox 209 2292 1623 2348; baseline -0.006 -8"><span class='ocrx_word' id='word_1_339' title='bbox 209 2300 439 2342; x_wconf 80' lang='lat' dir='ltr'>confirmat.</span> <span class='ocrx_word' id='word_1_340' title='bbox 495 2297 542 2336; x_wconf 91' lang='lat' dir='ltr'>In</span> <span class='ocrx_word' id='word_1_341' title='bbox 568 2295 655 2348; x_wconf 82' lang='lat' dir='ltr'>ipsa</span> <span class='ocrx_word' id='word_1_342' title='bbox 676 2307 771 2332; x_wconf 87' lang='lat' dir='ltr'>vero</span> <span class='ocrx_word' id='word_1_343' title='bbox 802 2295 972 2345; x_wconf 76' lang='lat' dir='ltr'>Tragici</span> <span class='ocrx_word' id='word_1_344' title='bbox 995 2292 1102 2344; x_wconf 78' lang='grc' dir='ltr'><strong><em>ῥ’ἡσει</em></strong></span> <span class='ocrx_word' id='word_1_345' title='bbox 1125 2302 1219 2345; x_wconf 80' lang='lat' dir='ltr'>post</span> <span class='ocrx_word' id='word_1_346' title='bbox 1245 2292 1407 2345; x_wconf 78' lang='grc' dir='ltr'><strong><em>ἐνήλατα</em></strong></span> <span class='ocrx_word' id='word_1_347' title='bbox 1424 2293 1623 2333; x_wconf 86' lang='lat' dir='ltr'>minorem</span> 
     </span>
     <span class='ocr_line' id='line_1_40' title="bbox 208 2347 1623 2400; baseline -0.006 -4"><span class='ocrx_word' id='word_1_348' title='bbox 208 2354 496 2397; x_wconf 79' lang='lat' dir='ltr'>distinctionis</span> <span class='ocrx_word' id='word_1_349' title='bbox 527 2361 662 2390; x_wconf 84' lang='lat' dir='ltr'>notam</span> <span class='ocrx_word' id='word_1_350' title='bbox 690 2348 864 2399; x_wconf 84' lang='lat' dir='ltr'>apponit</span> <span class='ocrx_word' id='word_1_351' title='bbox 893 2349 1128 2398; x_wconf 79' lang='lat' dir='ltr'>Kuelmius,</span> <span class='ocrx_word' id='word_1_352' title='bbox 1169 2347 1237 2385; x_wconf 85' lang='lat' dir='ltr'>cui</span> <span class='ocrx_word' id='word_1_353' title='bbox 1266 2348 1324 2387; x_wconf 84' lang='lat' dir='ltr'>rei</span> <span class='ocrx_word' id='word_1_354' title='bbox 1350 2347 1450 2400; x_wconf 86' lang='lat' dir='ltr'>quid</span> <span class='ocrx_word' id='word_1_355' title='bbox 1477 2363 1623 2388; x_wconf 87' lang='lat' dir='ltr'>causae</span> 
     </span>
     <span class='ocr_line' id='line_1_41' title="bbox 207 2401 1664 2466; baseline -0.003 -16"><span class='ocrx_word' id='word_1_356' title='bbox 207 2412 376 2466; x_wconf 75' lang='lat' dir='ltr'>penitus</span> <span class='ocrx_word' id='word_1_357' title='bbox 395 2410 569 2462; x_wconf 83' lang='lat' dir='ltr'>ignoro3</span> <span class='ocrx_word' id='word_1_358' title='bbox 599 2421 690 2445; x_wconf 88' lang='lat' dir='ltr'>nam</span> <span class='ocrx_word' id='word_1_359' title='bbox 713 2401 876 2455; x_wconf 79' lang='grc' dir='ltr'><strong><em>ἐνήλατα</em></strong></span> <span class='ocrx_word' id='word_1_360' title='bbox 891 2413 998 2443; x_wconf 86' lang='lat' dir='ltr'>certe</span> <span class='ocrx_word' id='word_1_361' title='bbox 1018 2404 1224 2455; x_wconf 87' lang='lat' dir='ltr'>pertinent</span> <span class='ocrx_word' id='word_1_362' title='bbox 1236 2403 1284 2441; x_wconf 86' lang='lat' dir='ltr'>ad</span> <span class='ocrx_word' id='word_1_363' title='bbox 1301 2404 1389 2456; x_wconf 85' lang='lat' dir='ltr'>ipsa</span> <span class='ocrx_word' id='word_1_364' title='bbox 1410 2405 1624 2455; x_wconf 70' lang='lat' dir='ltr'><em>Sophoclis</em></span> <span class='ocrx_word' id='word_1_365' title='bbox 1662 2443 1664 2445; x_wconf 88' lang='lat'>.</span> 
     </span>
     <span class='ocr_line' id='line_1_42' title="bbox 206 2456 1622 2515; baseline -0.004 -10"><span class='ocrx_word' id='word_1_366' title='bbox 206 2466 343 2515; x_wconf 78' lang='lat' dir='ltr'>verba.</span> <span class='ocrx_word' id='word_1_367' title='bbox 399 2466 539 2503; x_wconf 85' lang='lat' dir='ltr'>Locus</span> <span class='ocrx_word' id='word_1_368' title='bbox 571 2471 704 2501; x_wconf 84' lang='lat' dir='ltr'>autem</span> <span class='ocrx_word' id='word_1_369' title='bbox 742 2461 912 2510; x_wconf 76' lang='lat' dir='ltr'>Tragici</span> <span class='ocrx_word' id='word_1_370' title='bbox 939 2459 1038 2512; x_wconf 83' lang='lat' dir='ltr'>quin</span> <span class='ocrx_word' id='word_1_371' title='bbox 1061 2456 1238 2497; x_wconf 83' lang='lat' dir='ltr'>afflictus</span> <span class='ocrx_word' id='word_1_372' title='bbox 1266 2459 1322 2497; x_wconf 89' lang='lat' dir='ltr'>sit</span> <span class='ocrx_word' id='word_1_373' title='bbox 1346 2473 1429 2498; x_wconf 89' lang='lat' dir='ltr'>non</span> <span class='ocrx_word' id='word_1_374' title='bbox 1461 2459 1622 2511; x_wconf 88' lang='lat' dir='ltr'>dubito,</span> 
     </span>
     <span class='ocr_line' id='line_1_43' title="bbox 206 2513 1621 2565; baseline -0.005 -4"><span class='ocrx_word' id='word_1_375' title='bbox 206 2523 272 2561; x_wconf 86' lang='lat' dir='ltr'>uti</span> <span class='ocrx_word' id='word_1_376' title='bbox 296 2535 371 2560; x_wconf 90' lang='lat' dir='ltr'>nec</span> <span class='ocrx_word' id='word_1_377' title='bbox 393 2519 499 2558; x_wconf 83' lang='lat' dir='ltr'>hanc</span> <span class='ocrx_word' id='word_1_378' title='bbox 519 2519 698 2557; x_wconf 84' lang='lat' dir='ltr'>nativam</span> <span class='ocrx_word' id='word_1_379' title='bbox 722 2515 810 2554; x_wconf 81' lang='lat' dir='ltr'>eius</span> <span class='ocrx_word' id='word_1_380' title='bbox 828 2529 915 2554; x_wconf 87' lang='lat' dir='ltr'>esse</span> <span class='ocrx_word' id='word_1_381' title='bbox 931 2514 1151 2553; x_wconf 87' lang='lat' dir='ltr'>lectionem</span> <span class='ocrx_word' id='word_1_382' title='bbox 1166 2545 1177 2565; x_wconf 91' lang='lat'>,</span> <span class='ocrx_word' id='word_1_383' title='bbox 1209 2523 1280 2552; x_wconf 86' lang='lat' dir='ltr'>aut</span> <span class='ocrx_word' id='word_1_384' title='bbox 1304 2513 1354 2552; x_wconf 85' lang='lat' dir='ltr'>ad</span> <span class='ocrx_word' id='word_1_385' title='bbox 1376 2529 1463 2553; x_wconf 87' lang='lat' dir='ltr'>eam</span> <span class='ocrx_word' id='word_1_386' title='bbox 1485 2514 1621 2554; x_wconf 80' lang='lat' dir='ltr'>saltim</span> 
     </span>
    </p>
   </div>
   <div class='ocr_carea' id='block_1_3' title="bbox 207 2567 1624 2634">
    <p class='ocr_par' dir='ltr' id='par_1_7' title="bbox 207 2567 1624 2634">
     <span class='ocr_line' id='line_1_44' title="bbox 207 2567 1624 2634; baseline -0.004 -18"><span class='ocrx_word' id='word_1_387' title='bbox 207 2591 328 2634; x_wconf 12' lang='lat' dir='ltr'>quahm</span> <span class='ocrx_word' id='word_1_388' title='bbox 351 2575 539 2629; x_wconf 83' lang='lat' dir='ltr'>proxime</span> <span class='ocrx_word' id='word_1_389' title='bbox 558 2571 768 2613; x_wconf 79' lang='lat' dir='ltr'>accedere:</span> <span class='ocrx_word' id='word_1_390' title='bbox 789 2567 1019 2623; x_wconf 75' lang='grc' dir='ltr'><strong><em>-ἕνήλατα</em></strong></span> <span class='ocrx_word' id='word_1_391' title='bbox 1040 2567 1145 2615; x_wconf 82' lang='grc' dir='ltr'><strong><em>Ξύλα</em></strong></span> <span class='ocrx_word' id='word_1_392' title='bbox 1161 2571 1359 2624; x_wconf 80' lang='grc' dir='ltr'><strong><em>τρίγομφα</em></strong></span> <span class='ocrx_word' id='word_1_393' title='bbox 1380 2573 1624 2623; x_wconf 79' lang='grc' dir='ltr'><strong><em>ὄιατορεῦσαι</em></strong></span> 
     </span>
    </p>
   </div>
  </div>
 </body>
</html>
