1716 3016
117 134 201 174 872
726 125 804 166 IX.
864 129 929 167 10.

231 235 511 294 δημοπρᾶτης]
559 236 659 277 Non
707 239 811 275 male
845 234 1175 287 langermannu's
1217 235 1420 288 exponit,
1477 231 1551 274 sed

118 300 261 350 χρῆσιν
289 309 463 348 quaero:
511 302 552 332 et
582 306 680 331 vero
713 292 885 331 Codicis
912 292 1009 335 MS.
1046 287 1300 345 δημοπρᾶτα,
1346 288 1474 330 modo
1505 289 1550 329 in

121 354 302 406 priorem
330 349 530 403 syllabam
563 357 778 386 accentum
810 347 998 396 reiicias,
1033 356 1189 386 rectum
1223 355 1299 386 est.
1344 345 1552 399 praeferet

121 405 329 448 Atticismi
353 404 519 458 quidem
552 416 694 442 norma
718 400 982 456 δημιόπρατα,
1018 401 1088 443 sed
1115 412 1253 442 tamen
1277 415 1358 441 nec
1378 403 1551 440 alterum

122 462 296 502 obiicias
325 460 494 499 merito:
544 459 632 497 fuit
657 473 781 512 supra
805 473 899 506 vu,
935 459 996 501 13.
1037 458 1111 497 ubi
1141 468 1279 498 tamen
1306 454 1554 512 δημιόπρατα

123 516 405 558 emendatum:
455 524 497 554 et
525 515 651 553 Philo
681 515 725 553 in
759 515 963 554 Flaccum
990 528 1084 569 pag.
1118 512 1212 566 765.
1235 516 1405 583 ’μυρίων
1432 515 1555 565 δημο-

122 572 282 626 πράτων
308 571 528 626 γενομένων
551 568 722 619 οὕσιοΐν,
762 574 805 612 αἳ
839 576 918 613 τῶν
950 571 1195 624 κατακρίτων
1226 579 1354 622 ησαν·
1397 567 1552 624 quidni

125 630 266 683 itaque
286 627 395 666 hanc
418 629 610 681 vulgatae
629 627 805 666 lectioni
827 625 1136 678 praeferamus?

234 684 302 724 καὶ
336 681 589 737 δημαγωγὸς,
630 681 735 734 etc.]
775 683 868 722 MS.
899 682 983 722 alio
1011 681 1179 730 ordine,
1215 682 1282 724 καὶ
1309 680 1551 736 δημαγωγία,

124 741 192 784 καὶ
213 738 458 794 δημαγωγὸς,
487 740 552 780 καὶ
578 740 713 790 δημοτ.
770 744 875 778 Imm.
1223 739 1226 742 ’

234 796 300 836 καὶ
334 793 568 848 μισόδημος,
607 798 723 842 etc.]·
761 794 928 844 Absunt
958 793 1037 832 ista
1067 806 1200 848 usque
1230 790 1281 832 ad
1308 790 1358 835 τὰ
1386 789 1505 846 ὅμοια
1530 805 1553 830 a

126 853 174 892 C.
195 852 244 890 A.
299 857 448 890 Kueuu.

236 907 302 948 καὶ
328 905 564 960 μισόδημος,
603 905 710 957 εἴα]
741 905 844 944 Post
871 903 1091 958 φιλόδημος
1116 903 1210 943 MS·
1237 902 1386 954 hssbet»
1414 904 1481 946 καὶ
1506 901 1555 946 τὰ

125 961 265 1014 ὅμοια,
308 962 471 1001 omissis
503 961 641 1010 hisce,
677 961 746 1002 καὶ
770 978 811 1014 μ.
844 978 879 1003 κ.
908 963 943 1003 ὃ.
970 977 1008 1003 κ.
1038 963 1075 1002 δ.
1102 959 1329 1014 statimque
1358 959 1553 1000 subiicit:

125 1016 343 1072 ἆποδήμων
364 1015 404 1059 δ’
427 1017 489 1058 ἅν.
546 1024 653 1056 Imm.

233 1073 497 1127 κεκλημένος]
526 1073 621 1112 MS.
643 1073 878 1126 κεκλιμένος,
934 1078 1044 1114 que.

236 1126 258 1172 ὅ
278 1125 528 1182 δημόκοινος]
564 1131 720 1179 Tortor,
750 1131 820 1181 qui
839 1137 994 1167 exercet
1013 1131 1275 1182 quaestiones,
1293 1122 1554 1182 βασανιστῆς·

126 1184 212 1225 vid.
247 1187 428 1224 leomae
453 1185 635 1235 Eclogas
665 1184 709 1222 in
744 1184 898 1236 δήμιος.
938 1184 984 1221 in
1017 1184 1147 1223 Gloss.
1176 1183 1557 1236 carnifex-,specu—

126 1243 257 1280 lator:
297 1243 377 1293 leg.
409 1241 652 1292 spiculator.
700 1239 858 1278 dicitur
882 1248 925 1278 et
955 1237 1168 1292 δημόσιος,
1211 1241 1288 1292 qui
1319 1238 1554 1291 torquendis

127 1299 208 1336 reis
225 1304 285 1334 est
296 1298 571 1348 praepositus.
629 1301 774 1336 Kuenu.

238 1348 498 1403 δημόκοινος]
536 1351 815 1403 Etymologum
839 1353 930 1404 lege
960 1359 1003 1390 et
1032 1349 1231 1401 saidam,
1269 1349 1409 1403 iisque
1443 1349 1556 1388 Tho-

128 1421 239 1446 mam
258 1405 397 1446 addes.
456 1405 660 1460 Sequitur
681 1403 734 1454 ὥς
748 1408 820 1456 ἔξω
836 1406 986 1454 πόλεως
1011 1410 1228 1455 κατοικῶν,
1255 1418 1332 1457 pto
1357 1418 1443 1458 quo
1462 1419 1555 1444 oum

128 1463 318 1502 Kuelznio
346 1462 505 1510 malim,
535 1459 558 1504 ἆ
588 1462 657 1511 ἔξω
688 1472 767 1502 eto.
796 1462 868 1501 sed
897 1461 1035 1515 quid?
1065 1460 1189 1502 MSS.
1216 1461 1297 1499 illa*
1315 1461 1409 1499 non'
1429 1473 1556 1514 agno-

128 1527 270 1568 scunt,
309 1526 352 1556 et
391 1517 538 1557 merito
579 1517 755 1555 forsitan
791 1516 1024 1556 dubitemus
1050 1531 1100 1555 an
1130 1516 1334 1556 aPolluee
1362 1516 1435 1555 ina
1470 1516 1557 1556 sint

130 1574 335 1627 profecta.
374 1573 565 1626 posuerit
594 1573 672 1611 ista
704 1573 749 1611 in
775 1573 961 1627 margine
991 1572 1171 1627 diligens
1196 1574 1350 1618 lecton
1376 1581 1419 1613 et
1434 1585 1556 1626 quam

130 1643 253 1681 saepe
275 1629 318 1667 in
342 1637 507 1668 textum
526 1643 575 1668 eo
594 1628 720 1667 modo
744 1643 829 1667 non
864 1630 1046 1683 genuina
1076 1627 1318 1680 irrepserint
1338 1629 1455 1676 loca,
1486 1641 1556 1681 pe-

130 1684 222 1723 titis
250 1699 272 1724 e
301 1684 470 1723 Polluce
507 1684 709 1737 exemplis
737 1684 895 1723 affatim
929 1684 1096 1737 probari
1128 1682 1276 1736 possit.
1320 1682 1394 1724 sed
1419 1692 1556 1724 tamen

132 1740 222 1778 istis
249 1739 426 1778 vocibus
454 1742 608 1779 nollem
628 1753 879 1791 careremus,
910 1754 1015 1793 quae
1038 1739 1149 1791 apud
1175 1739 1355 1778 Graecos
1371 1750 1556 1791 quoque,

131 1795 183 1834 de
211 1795 277 1833 his
316 1795 428 1834 enim
466 1794 700 1848 intelliges,
738 1795 851 1834 urbis
883 1795 1099 1835 domicilio
1132 1795 1312 1835 caruisse
1342 1793 1557 1834 carnifices

131 1850 308 1900 docent,
336 1864 382 1890 ea
405 1849 517 1888 haud
539 1850 664 1890 dubie
681 1850 736 1890 'de
760 1865 902 1901 causa,
932 1865 984 1890 ne
1006 1850 1210 1904 sanguiue
1229 1850 1386 1904 polluti
1403 1863 1452 1888 ac
1469 1863 1558 1889 oae-

131 1905 184 1944 de
215 1919 347 1944 sacras
376 1919 440 1943 res
471 1906 651 1945 fortuito
681 1920 855 1946 occursu
882 1908 1208 1959 interpellarent.
1264 1907 1335 1946 De
1354 1905 1557 1944 Romanis

132 1960 256 2000 docet
283 1960 336 2000 ad
357 1976 407 2002 11.
429 1961 663 2000 Annalium
695 1964 854 2013 Taciti,
885 1962 959 2000 ubi
984 1966 1029 2000 in
1056 1964 1109 2003 P.
1134 1963 1344 2000 Martium
1375 1962 1560 2000 consules

131 2026 252 2054 extra
265 2025 432 2069 portam
446 2018 710 2070 Esquilinam
729 2033 820 2056 cum
831 2020 1050 2057 classicum
1069 2031 1212 2056 canere
1229 2019 1443 2056 iussissent
1451 2030 1559 2055 more

125 2075 266 2124 prisco
302 2073 535 2111 advertisse
571 2074 719 2122 refert,
770 2089 793 2114 e
829 2074 1014 2112 Cicerone
1051 2087 1127 2126 pro
1161 2072 1337 2111 Rabirio
1371 2073 1554 2123 Lipsizu,

132 2126 327 2181 idemque
354 2126 405 2168 de
426 2127 629 2169 Coriariis
663 2143 710 2167 ac
728 2129 1042 2182 vespillonibus
1074 2143 1126 2168 ex
1154 2127 1408 2167 Artemidori
1424 2127 1500 2168 lib.
1522 2142 1555 2169 1.

132 2197 167 2221 c.
189 2181 255 2224 55.
287 2183 489 2226 observat.
546 2184 834 2224 Artemidorus
863 2195 971 2225 certe
1003 2183 1195 2237 pluribus
1227 2183 1273 2222 in
1299 2183 1405 2222 locis
1438 2182 1556 2222 illius

130 2237 192 2276 rei
218 2239 429 2288 meminit,
469 2249 519 2279 ut
546 2238 624 2284 lib.
661 2255 712 2278 11-
741 2254 830 2293 cap.
855 2253 919 2281 20.
955 2239 1030 2279 lib.
1056 2256 1086 2282 1.
1113 2253 1204 2293 cap.
1225 2239 1292 2286 58.
1327 2237 1401 2292 qui
1429 2236 1554 2287 idem,

131 2302 204 2332 aut
224 2294 372 2343 fallor,
403 2309 491 2334 non
513 2295 623 2335 enim
649 2297 839 2348 suppetit
860 2299 1001 2347 locus,
1032 2305 1104 2335 aut
1137 2293 1292 2334 alicubi
1313 2293 1365 2334 de
1393 2291 1556 2333 carnifi-

132 2347 250 2387 cibus
270 2348 313 2387 id
336 2350 472 2402 ipsum
490 2351 628 2392 refert.

244 2401 297 2452 ὦς
321 2405 391 2454 ἔξω
416 2405 567 2455 πόλεως
596 2407 699 2458 etc.]
740 2407 940 2462 Legerem
970 2404 992 2450 ὅ
1020 2407 1091 2457 ἔξω
1122 2409 1194 2459 τῆς
1217 2421 1259 2447 π.
1278 2421 1318 2446 κ.
1340 2406 1414 2457 qui
1438 2411 1557 2442 extra

131 2459 269 2498 urbem
288 2459 468 2513 habitat,
497 2463 554 2501 ita
577 2462 686 2500 enim
709 2463 807 2501 olim
827 2473 948 2503 vetus
970 2477 1057 2502 mos
1077 2471 1176 2512 erat,
1205 2470 1255 2499 ut
1277 2459 1465 2500 carnifex
1485 2472 1557 2496 ex-

130 2524 194 2552 tra
223 2513 345 2552 urbes
376 2514 603 2567 habitaret,
642 2520 709 2558 vel
739 2518 783 2555 in
814 2527 993 2561 extrema
1034 2518 1198 2558 urbium
1229 2513 1405 2566 lacinia,
1441 2512 1554 2568 quod

131 2570 299 2610 notavit
321 2579 362 2609 et
385 2571 629 2613 Salmasius.
685 2580 831 2613 Kreas.
