1716 3016
208 109 290 150 898
816 110 892 150 IX.
950 116 1016 155 26.

315 217 464 270 ἄξενον,
497 222 535 262 εἰ
561 219 636 276 γοῖρ
663 222 731 263 καῖ
755 222 864 275 etc.]
923 221 1154 278 Distingue
1189 223 1350 275 ἄξενον
1390 228 1430 269 εἰ
1456 220 1536 281 νιῖρ
1557 237 1635 271 etc.

205 273 434 316 quenum.

315 333 498 386 χωρίων]
556 331 675 387 Quae
704 346 824 386 supra
855 332 1031 374 tradidit
1062 336 1263 389 peculiari
1291 337 1431 391 capite
1467 336 1528 380 18.
1562 339 1635 379 lib.

205 386 256 428 V.
286 389 508 428 Iunonum.

313 443 573 499 προσεκτέον]
625 443 747 484 Nihil
770 455 920 487 temere
942 456 1105 486 mutare
1129 447 1275 488 velim:
1307 447 1404 490 vide
1424 458 1560 491 tamen
1582 465 1633 489 an

203 501 348 553 potius
378 501 625 550 προσακτέον
650 504 788 555 legere
815 501 1046 541 debeamus.
1103 503 1235 543 Iunc.

313 557 571 610 προσεκτέον]
605 557 654 596 In
670 567 828 596 textum
851 557 967 598 dedit
985 559 1196 598 Kuehnius
1214 560 1475 614 προσακτέον·
1505 560 1634 603 bene.-

204 620 247 650 et
268 611 433 650 firmant
448 626 552 665 quae
573 626 829 666 praecessere
852 613 1002 654 modo:
1036 616 1178 670 χρῆσιν
1195 616 1303 669 ἄγειν
1319 619 1386 659 ἐπὶ
1397 613 1467 665 τοὶς
1485 613 1632 666 πόλεις.

312 668 631 722 μικροπολίτης.]
689 670 749 708 Η.
782 670 1024 720 Stephanus>
1038 671 1256 712 adnotavit
1276 673 1321 711 iu
1350 687 1428 712 suo
1459 672 1631 722 Codice,

203 722 316 777 apud
332 724 577 764 Aeschinem
597 724 713 764 Orat.
745 728 835 778 περὶ
854 742 1029 780 παραπρ.
1059 736 1136 766 aut
1158 724 1258 770 κατοῖ
1277 735 1450 781 Κτησιφ-
1478 727 1522 767 id
1555 743 1635 768 ex-

203 787 303 821 tare.
361 780 413 818 In
453 779 668 820 Thesauro
710 793 787 819 suo
828 790 965 820 tamen
994 782 1032 821 ei
1067 792 1280 823 vauctorem
1314 785 1634 836 Aristophanem

201 839 405 877 nominat.
464 836 541 875 Sed
576 835 623 878 to*
656 836 976 890 μικροπολιτικόν
1007 837 1168 877 dixisse
1198 840 1541 892 Aristophanem,
1574 840 1634 878 ait

202 901 357 933 noster.
416 891 604 930 Alterum
625 905 723 931 vero
756 893 1002 930 Aeschinem
1025 892 1153 932 habet
1171 904 1406 943 auctorem;
1441 897 1501 933 ait
1519 895 1630 934 euim

202 947 356 986 Orator
376 948 420 987 in
442 960 487 986 ea
507 949 596 1001 περὶ
615 951 941 999 παραπρεσβείας
955 960 965 970 ·
993 948 1084 998 τούς
1097 947 1172 1003 γοῖρ
1182 952 1476 1003 μικροπολίτας,
1494 946 1632 1004 οἵσπερ

200 1001 361 1053 αὐτούς,>
388 1005 530 1055 φοβεῖν
558 1001 609 1044 ἰα’
631 1001 711 1045 τῶν
738 1002 924 1054 μειζόνων
950 1001 1180 1057 ἀπόρρητα·
1218 1008 1285 1045 vel
1312 1007 1631 1057 Xenophontem,

201 1059 272 1113 qui
293 1059 368 1100 lib.
386 1060 446 1100 It.
476 1058 671 1109 Ἐλληνικ.
700 1057 750 1097 de
772 1058 1102 1099 Atheniensibus
1123 1057 1264 1106 victis,
1298 1061 1380 1100 sibi
1407 1064 1513 1101 male
1533 1075 1633 1100 con·

199 1115 323 1164 sciis,
365 1115 437 1168 qui
465 1123 561 1154 ante
591 1129 676 1153 non
710 1114 917 1167 puniendi
953 1114 1094 1161 studio
1131 1115 1184 1156 ob
1214 1115 1373 1156 illatam
1405 1117 1629 1159 iniuriam:

198 1169 301 1213 οἱλλοῖ
319 1170 384 1213 dcvi
401 1168 473 1222 τήν
491 1170 608 1224 ὕβριν
625 1168 788 1222 ἠδίκουν
815 1169 1062 1220 ἀνθρώπους
1083 1174 1377 1228 μικροπολίτας.
1433 1171 1565 1213 Iuno·

308 1281 427 1334 νέας]
480 1282 574 1321 Sub.
606 1280 778 1332 πόλεως’
807 1284 866 1337 ῌ
899 1281 1136 1334 Stephanus
1165 1281 1248 1324 hic.
1305 1283 1434 1325 Iuno.

311 1335 538 1391 Πλάτωνα]
586 1338 717 1390 Supra
738 1351 822 1377 non
849 1343 1007 1381 νεαπολ.
1038 1337 1110 1377 sed
1131 1338 1355 1381 νεοπολῒται
1375 1353 1428 1379 ex
1447 1340 1629 1379 Platone

198 1394 445 1435 adferuntur
472 1393 555 1442 ΙΙΙ,
590 1392 656 1434 56.
713 1394 839 1435 Imm.

307 1450 479 1502 νεόικος]
537 1449 734 1502 Sequitur
775 1449 818 1487 in
853 1449 898 1490 C.
932 1449 979 1490 A.
1034 1450 1212 1492 πολιτεία
1249 1451 1524 1493 πολιτοκοπεῖν
1558 1451 1627 1493 καὶ

195 1508 452 1552 πολιτοκοπία
475 1506 647 1554 (civium
666 1505 822 1544 ambire
837 1505 1051 1559 favorem,
1081 1506 1299 1556 popularis
1318 1521 1449 1545 aurae
1477 1516 1627 1559 capta-

197 1565 284 1617 tio)
309 1559 494 1610 πολιτική
520 1579 559 1604 σ.
590 1566 692 1602 πολι.
725 1560 764 1601 α’.
795 1563 942 1610 πολιεῒς
976 1562 1068 1603 Θεοὶ
1099 1562 1301 1616 πολιοῦχοι
1339 1560 1552 1622 φιλόπολις
1579 1561 1628 1606 ‘co'

194 1619 298 1673 ἦθος
321 1619 388 1660 καὶ
418 1615 544 1658 πολλαὶ
571 1617 744 1659 τοιαῦτα.
802 1617 972 1659 Kumm.

263 1697 266 1701 ·
306 1674 558 1729 χρυσογένει]
606 1673 709 1727 Leg.
740 1673 875 1729 χρυσοῖ
890 1674 1004 1726 γε’νει,
1033 1671 1147 1726 quod
1165 1671 1327 1725 placuit
1344 1682 1387 1714 et
1407 1674 1625 1717 Salmaeio.

194 1736 373 1775 Knmm.

302 1783 551 1841 χρυσογὲνει]
582 1785 651 1823 De
667 1783 743 1822 hac
762 1784 902 1822 fabula
922 1783 1188 1822 casaubonus
1208 1793 1350 1824 noster
1365 1785 1442 1824 IX.
1469 1786 1622 1825 Athen.

197 1859 260 1896 17,
304 1835 410 1883 Mox
445 1849 580 1879 autem
611 1849 848 1891 suspectum
872 1839 975 1877 mihi
998 1853 1081 1878 vox
1106 1837 1240 1886 πόλις·
1275 1841 1418 1880 nescio
1439 1841 1549 1881 enim
1569 1855 1622 1880 an

194 1901 346 1940 Pollux
366 1896 522 1936 dixerit
544 1910 565 1934 a
586 1893 896 1943 πόλεωςιιοωεῐι
919 1908 1006 1934 esse
1029 1894 1155 1944 πόλις·
1188 1895 1317 1935 fuerit
1338 1896 1495 1949 itaque,
1513 1897 1623 1936 forte

194 1955 322 2004 aliud,
355 1952 467 2007 quod
499 1951 725 1991 coniectari
752 1952 866 1991 licet.
899 1950 973 1988 ubi
1001 1950 1036 1988 si
1067 1961 1106 1988 et
1139 1950 1242 1988 {nihi
1266 1951 1343 1997 ius,
1376 1951 1517 2001 πολιάς
1543 1966 1620 2005 pro

194 2014 270 2052 illo
298 2008 412 2056 πόλις
443 2008 553 2046 forte
582 2007 732 2055 fuisse,
774 2006 877 2045 illud
907 2007 1077 2044 Atticae
1107 2009 1323 2045 Minervae
1353 2008 1620 2061 frequentiss.

192 2081 360 2113 nomen,
391 2079 412 2104 u
433 2063 600 2102 Polluce
623 2063 822 2116 scriptum
858 2063 967 2101 forte
994 2075 1156 2103 censeo.
1213 2062 1318 2100 Sane
1347 2077 1443 2102 mox
1475 2074 1517 2103 et
1542 2079 1623 2106 πο-

193 2125 288 2171 λιεῖς
317 2132 360 2162 et
385 2116 617 2172 πολιούχους
650 2132 816 2172 quoque
845 2117 989 2168 ponit,
1028 2126 1075 2155 ut
1106 2131 1180 2156 nec
1210 2115 1280 2166 τήν
1316 2117 1496 2160 namnida·
1516 2119 1620 2157 omi·

192 2180 293 2219 sisse
329 2175 449 2216 valde
484 2173 684 2214 credibile
715 2174 782 2215 sit.
851 2174 1012 2211 Pariter
1039 2185 1138 2211 vero
1165 2173 1304 2211 statim
1342 2174 1620 2226 quaerendum

191 2249 285 2275 reor
306 2232 355 2273 de
375 2235 667 2274 πολιτοκοπεῖν·
699 2243 748 2268 an
770 2229 849 2268 viri
873 2228 986 2267 docti
1008 2227 1050 2266 id
1073 2227 1289 2267 delendum
1313 2228 1382 2267 hic
1411 2239 1619 2278 censeant,

192 2305 320 2343 quum
349 2289 458 2327 infra
489 2300 584 2325 mox
617 2299 733 2324 suum
763 2285 991 2338 legitimum
1028 2282 1382 2336 ort'yowobtinere
1416 2284 1620 2324 videatur.

192 2360 314 2398 supra
338 2358 436 2384 vero
466 2343 549 2392 III,
578 2340 644 2382 56.
677 2350 717 2380 et
739 2341 1039 2394 πολιτογραφεῒν
1065 2338 1298 2379 habuimus.
1357 2342 1484 2380 IUNG.

302 2398 557 2455 χρυσογὲνει]
588 2397 684 2436 Non
709 2396 768 2435 sic
789 2406 899 2435 certe
917 2398 1055 2434 solent
1074 2394 1202 2433 citare
1223 2394 1491 2434 Grammatici
1511 2394 1620 2435 hano

192 2456 388 2506 fabulam,
418 2455 488 2494 sed
524 2453 700 2493 vocibus
730 2451 898 2491 divisis:
931 2452 1074 2503 Χρυσῷ
1101 2451 1224 2504 γένει·
1255 2461 1296 2488 et
1328 2451 1384 2488 ita
1413 2461 1475 2489 est
1508 2450 1619 2502 apud

192 2514 445 2552 Athenaeum
466 2519 507 2549 et
535 2508 986 2559 Scholiast.A1-istopk.
1020 2506 1067 2544 ad
1096 2506 1222 2556 Aves,
1253 2506 1443 2558 aliosque
1463 2509 1615 2558 plures.

191 2579 231 2608 et
255 2582 366 2613 vero,
401 2566 495 2604 dum
518 2565 598 2605 hoc
621 2565 792 2619 agimus,
825 2573 1061 2616 corruptum
1093 2576 1260 2616 quoque
1284 2562 1327 2599 in
1356 2560 1482 2599 huius
1503 2561 1618 2600 fabu-
