1690 2996
187 123 302 164 1096·
826 123 900 162 IX.
962 119 1027 168 87.

187 242 230 273 et
243 234 531 299 possessione,
571 232 643 274 sed
676 233 800 273 Ionas
829 234 954 274 etiam
985 234 1187 303 singulari
1223 236 1306 276 hoc
1334 249 1409 290 pro
1437 237 1615 290 pecunia

189 290 269 340 uti,
304 303 408 342 quae
434 289 564 330 Attici
595 290 747 340 plurali
776 293 918 330 saltem
947 288 1130 346 χρήματα
1163 291 1474 344 adpellaverint.
1530 293 1615 332 Hic

188 358 332 384 sensus
349 345 447 395 loci,
477 344 523 382 ni
550 344 699 409 fallor?
740 358 859 397 quem
890 346 970 385 viri
1000 346 1112 386 docti
1145 358 1384 400 corruptum
1419 357 1614 400 putantes

188 399 360 453 adgredi
377 403 627 440 noluerunt.
658 400 693 439 si
714 400 852 450 fallor,
886 415 960 453 pro
980 412 1134 442 conatu
1155 412 1290 442 tamen
1314 417 1366 441 ne
1386 402 1490 442 mihi
1509 403 1614 443 mal‘e

190 455 362 495 dixeris.
389 455 512 494 Certe
526 464 608 493 tam
626 455 674 495 de
687 456 890 510 singulari
911 461 1042 510 χρῆμα
1062 472 1182 511 quam
1205 458 1254 497 de
1276 457 1614 512 ΡΙιιι-ιιΙὶχρἡατα

188 511 388 550 Pollucem
400 510 470 549 hic
488 510 635 564 egisse,
651 511 934 551 clamatetiam
947 527 1068 565 supra
1081 514 1204 553 series
1224 514 1422 567 capitum,
1423 527 1559 578 segm.
1572 511 1610 556 4.

187 568 359 619 καὶπερὶ
368 583 435 609 του
446 567 574 620 χρῆμα
585 567 652 609 και
661 582 852 621 χρηματα
872 568 995 606 Ionas
1009 578 1143 607 autem
1159 568 1363 623 singulari
1377 568 1500 608 etiam
1513 583 1612 607 usos

190 622 249 660 ita
272 621 350 660 hac
367 635 471 661 voce
491 621 543 660 de
564 623 756 678 pecuniis
781 623 899 675 ipsis,
930 637 982 662 ex
1003 623 1211 662 Herodoto
1230 634 1375 663 nostro
1396 624 1476 663 tibi
1488 624 1614 664 facile

188 680 359 731 planum
380 677 472 716 fiat.
503 676 563 716 sic
582 678 690 716 enim
710 678 926 743 accipiunt
945 692 1036 717 eum
1058 682 1201 718 locum·
1214 693 1236 719 e
1265 679 1415 719 Thalia
1433 694 1522 747 cap.
1545 679 1613 721 50

188 734 360 786 Δαρεῖος
379 734 446 777 ἐπὶ
469 737 541 780 τοῖς
561 735 705 775 ἑαυτοῦ
725 730 851 788 α’ρχῆς
872 735 1043 785 nulibus·
1057 730 1256 782 Ελλήνων
1273 751 1371 784 τους
1379 730 1613 803 παρεόντας,

185 806 320 843 ειρετο,
350 789 417 833 ἐπὶ
446 785 562 843 ,τόσῳ
596 806 648 830 αν
673 789 846 843 χρήματι
857 793 1074 860 βουλαίατο
1102 806 1194 838 τους
1221 792 1400 843 πατέρας
1418 790 1613 862 οἷπᾳθνή-

186 856 352 893 σκοντας
374 846 702 887 κατασιτέεσθαι·
727 850 764 888 οἱ
782 849 823 887 δὲ
847 843 916 887 ἐπ’
937 843 1109 886 evveus*
1083 862 1244 914 εφασαν
1249 849 1376 900 ἕρδειν
1405 845 1454 889 oin
1477 847 1609 888 τοῦτο·

187 910 231 940 et
247 915 344 939 mox
363 901 526 954 quaerit
547 912 600 938 ex
620 899 738 938 Indis
761 900 966 947 Callatiis',
995 903 1062 943 ἐπὶ
1079 902 1157 942 τίνι
1173 895 1341 955 χρηματι
1345 900 1540 952 δεξαίατ’
1560 921 1611 944 αν

185 957 467 1006 τελευτεόντας
502 972 598 1006 τοις
623 957 795 1008 πατέρας
823 958 1049 998 κατακαίειν
1086 959 1195 1009 πυρί
1230 966 1308 996 eto.
1383 955 1465 996 Sed
1497 958 1618 1010 prior

186 1015 306 1051 locus
329 1011 469 1064 aptior
489 1010 658 1050 videtur
675 1010 726 1049 ad
755 1011 862 1050 hanc
886 1025 983 1050 rem.
1041 1011 1132 1051 Viri
1161 1010 1278 1051 docti
1306 1011 1450 1052 omnia
1476 1013 1611 1052 consi·

188 1066 394 1106 derabunt
412 1067 647 1105 accuratius
675 1076 716 1105 et
744 1080 822 1106 nos
845 1066 1067 1117 iuvabunt,
1101 1067 1284 1123 dirigent
1303 1068 1460 1121 potius,
1490 1064 1620 1123 quam‘

188 1121 565 1169 calumniabuntur,
599 1135 736 1175 spero.
769 1123 894 1164 que.

297 1195 361 1233 χρ.
383 1178 452 1232 μὲν
475 1177 524 1219 οἶν
540 1179 691 1222 εἴπειεν
707 1183 746 1220 οἱ
764 1173 890 1230 ’.Αττ]
919 1177 1108 1218 Necdum
1132 1176 1156 1217 a
1190 1178 1426 1231 multiplici·
1444 1178 1612 1219 mendo·

186 1247 276 1274 rum
301 1236 483 1281 cumulo,
514 1233 668 1287 quibus
696 1246 937 1287 oppressum
959 1233 1043 1272 fuit
1063 1243 1189 1287 atque
1222 1233 1428 1273 obrutum
1436 1233 1519 1274 hoc
1544 1249 1612 1273 ca-

186 1299 279 1343 put,
309 1288 510 1342 respirare
530 1289 655 1328 licet·
685 1298 728 1327 et
748 1297 906 1327 restant
929 1287 1062 1327 adhuc
1085 1288 1192 1328 bene
1215 1291 1344 1327 multa
1371 1295 1497 1343 atque
1523 1304 1613 1344 gra-

185 1346 271 1394 via,
302 1358 406 1408 quae
426 1347 522 1383 loco
543 1358 620 1383 suo
650 1345 768 1384 MSS.
803 1358 882 1397 ope
912 1343 1183 1383 movebimus.
1249 1344 1333 1382 Hic
1365 1344 1507 1398 itaque
1531 1349 1620 1402 pro'

186 1404 330 1443 εἴπειεν
367 1399 411 1437 in
446 1408 567 1438 textu
598 1399 858 1439 restituimus
899 1402 1065 1442 εἴποιεν·
1112 1408 1200 1438 tum
1230 1398 1374 1465 ex'titit
1406 1400 1450 1438 in
1482 1395 1621 1441 editis·

186 1465 283 1495 ante
304 1467 379 1493 nos
397 1454 479 1493 hoc
499 1454 645 1495 modo:
679 1473 727 1496 τα
720 1453 788 1497 ‘ds
805 1453 986 1509 χρήματα
1003 1471 1112 1507 παρα
1133 1455 1204 1506 μὲν
1230 1451 1379 1507 αὐτοῖς’,
1414 1468 1491 1508 pro
1515 1455 1611 1509 qui·
1615 1465 1620 1469 ·

185 1511 263 1550 bus
287 1510 496 1549 Kuelznius
513 1520 625 1549 tecte
649 1508 696 1553 to*
716 1513 756 1552 δὲ
778 1512 932 1565 χρῆμα·
967 1510 1264 1566 eliminavique
1293 1519 1518 1580 praeterea
1531 1515 1620 1551 vo-‘

183 1569 319 1607 culam
347 1564 478 1630 παρα)
517 1579 639 1619 quam
671 1566 793 1608 MSS.
823 1581 909 1605 non
939 1565 1214 1634 adgnoscunt.
1258 1575 1355 1618 post
1379 1563 1622 1626 πραγματος

185 1621 349 1661 demum
362 1621 525 1660 auctius
546 1621 589 1660 in
605 1623 760 1661 Nostro
780 1631 899 1661 textu
918 1621 947 1671 ἤ
965 1618 1173 1673 κτήματος,
1205 1634 1311 1675 quae
1331 1628 1497 1661 sensum
1522 1635 1610 1675 per·

185 1677 358 1717 ficiunt.
391 1677 600 1716 Kuelmias
619 1677 864 1730 praeiverat
922 1678 1035 1717 Sciet
1056 1686 1207 1727 autem,
1237 1690 1343 1741 quae
1363 1675 1503 1716 tradit'
1513 1678 1611 1716 Poe·
1619 1679 1624 1685 “

183 1734 270 1781 lux,
305 1746 391 1772 ease
410 1745 521 1780 vera,
553 1732 626 1786 qui
651 1733 874 1786 utriusque
893 1732 1075 1778 dialecti,
1097 1731 1297 1771 Atticae
1284 1745 1455 1784 mquam
1478 1733 1613 1772 etlo-

182 1790 317 1840 nicae,
346 1787 541 1827 habuerit
559 1802 699 1828 usum:
732 1801 808 1827 nos
828 1787 929 1827 alibi
955 1788 1144 1836 foi-team
1180 1786 1251 1826 hic
1278 1788 1388 1827 enim
1413 1791 1500 1828 non
1526 1792 1613 1828 mo-

181 1843 377 1882 rabimur.
1619 1847 1622 1851 ’

291 1901 358 1940 ἐπὶ
382 1898 454 1939 τοῦ
468 1897 711 1954 πράγματος]
737 1901 999 1971 Dionysius
990 1900 1342 1937 Halicarnasseus
1363 1897 1474 1938 libro
1470 1912 1612 1969 “quar-

181 1963 226 1994 to
245 1952 389 2005 Antiq.
410 1953 462 1993 R.
483 1956 559 1995 fol.
581 1955 673 1995 250.
697 1954 815 1996 καλον
834 1958 907 2006 μὲν
924 1950 1054 2008 χρῆμα
1089 1957 1228 1996 πολλαὶ
1253 1951 1387 2002 πόλεις
1414 1954 1490 2008 μιᾷ
1517 1971 1613 2008 χρω·

179 2025 299 2063 μεναι
318 2006 474 2079 γνώμῃ·
503 2010 584 2048 alia
613 2012 802 2063 exempla
833 2010 982 2049 recitat
1014 2010 1220 2053 Camerar.
1253 2009 1304 2049 de
1331 2010 1455 2050 Mon.
1480 2010 1613 2050 veteri

211 2079 231 2102 a
297 2063 348 2104 2l1

180 2079 206 2118 p
236 2079 274 2120 g
292 2064 504 2174 λε’γῗὶιειιν]ΕΒ
467 2120 517 2162 G
539 2120 591 2164 V.
608 2119 731 2173 λέγει·
767 2118 879 2172 quod
907 2119 1063 2159 nolim·
1106 2133 1252 2159 sensus
1282 2128 1362 2171 est,
1404 2120 1479 2159 ubi
1497 2120 1611 2158 Atei-
1619 2123 1621 2125 ’

180 2190 273 2215 cum
292 2190 373 2214 non
397 2183 457 2213 est
477 2175 612 2214 dicere
631 2175 785 2230 χρῆμα,
827 2175 990 2226 quando
1019 2189 1143 2214 sermo
1169 2183 1229 2214 est
1256 2175 1304 2214 de
1322 2177 1518 2227 pecunia,
1546 2177 1611 2212 ita

181 2245 253 2270 neo
274 2233 398 2284 κέρμα
420 2231 576 2281 dicunt,
617 2228 731 2284 quod
763 2237 901 2268 tamen
930 2243 1030 2269 mox
1057 2229 1338 2289 restringitur.
1380 2229 1464 2270 vid.
1493 2229 1610 2270 Suid.

180 2286 225 2326 in
246 2285 444 2340 χρήματα.
476 2288 659 2326 ΚυΕΗΝ.

290 2343 437 2397 λέγειν]
471 2342 631 2381 Vellem
649 2353 724 2380 nos
745 2337 968 2378 defunctos
993 2338 1075 2378 hoc
1095 2339 1233 2392 capite
1251 2338 1505 2379 nummario·
1538 2338 1611 2378 sed

181 2395 319 2436 adhuc
339 2397 666 2452 elegantissimas
688 2393 998 2434 emendationes
1029 2394 1151 2433 nobis
1181 2395 1225 2432 in
1257 2408 1307 2434 eo
1324 2395 1420 2434 MS.
1455 2394 1608 2433 submi-

181 2452 392 2493 nistrabit
435 2452 504 2491 hic
537 2453 632 2496 MS
663 2453 795 2506 λε’·γρι
841 2448 913 2489 sed
943 2451 1160 2502 vulgatum
1193 2450 1360 2489 rectius.
1424 2450 1610 2490 Polluci-5

184 2507 517 2548 observationem
538 2507 639 2547 hinc
661 2505 833 2546 adducit
851 2513 892 2544 et
920 2505 1158 2544 Nunnesius
1178 2505 1279 2545 Not.
1314 2505 1357 2543 in
1380 2506 1610 2559 Phrynich.

183 2563 325 2618 Eclog-
348 2563 406 2605 11.
426 2577 528 2605 voce
549 2562 813 2620 εύκερματεῒν.
845 2559 968 2601 IUNG·

1053 2652 1076 2663 a
