1716 3016
223 142 305 184 956
830 138 908 182 IX.
964 144 1030 186 53.

394 272 452 283 —-
478 264 678 291 summum
703 251 832 289 doctis
857 251 1094 303 perhibetur
1121 254 1284 306 pondus
1312 253 1492 294 Athenis

394 321 494 345 nam
521 307 630 346 nihil
657 307 723 346 his
755 307 916 345 obolove
942 311 1092 360 minus,
1127 313 1311 348 maiusve
1337 307 1507 348 talento.

227 365 298 404 De
327 361 474 402 talenti
496 372 634 401 autem
656 363 792 415 pretio
821 362 933 415 apud
961 363 1184 404 Homerum
1213 365 1359 406 viliori
1387 373 1658 416 monetkquo—

230 433 312 474 que
338 431 436 456 mox
464 417 923 471 Onomasticographus
951 429 1106 460 noster.
1148 430 1191 460 et
1218 421 1400 460 valuisse
1428 429 1509 458 tres
1532 419 1661 472 chry-

228 489 297 514 sos
327 476 531 513 talentum
557 474 647 512 auri
676 488 729 513 ex
759 475 941 540 eleganti
973 475 1227 515 Philemonis
1253 475 1422 517 Comici
1451 475 1659 514 versiculo

231 538 419 570 constat:
448 527 520 571 δύο
536 532 574 571 εἰ
592 527 705 579 λάβοι
727 527 920 579 τάλαντα,
956 533 1127 585 χρυσοῦς
1147 531 1246 586 ἔχων
1262 535 1306 582 ἓξ
1325 530 1559 573 analeum·
1586 530 1660 568 ubi

231 585 317 624 duo
343 587 499 624 talenta
518 598 590 624 sex
613 584 775 636 chrysis
796 596 1030 625 censentur.
1072 587 1197 626 habet
1218 597 1259 626 et
1279 587 1392 626 hunc
1422 584 1493 626 sed
1516 589 1662 638 paulu

228 644 315 680 lum
345 649 548 679 mutatum
575 655 627 679 ex
654 642 894 693 Etymologo
919 644 1082 694 locum,
1116 652 1178 688 et
1214 657 1334 696 quem
1367 641 1442 680 sub
1470 641 1661 680 manibus

231 695 452 745 habemus,
483 698 674 735 Pollucis
702 697 837 735 nostri
868 698 1064 750 Scaliger
1097 699 1146 738 de
1179 700 1245 737 Re
1272 698 1439 739 Numm.
1468 711 1562 751 pag.
1603 711 1661 751 ¹9·

231 765 285 791 ex
308 764 393 805 quo
413 750 515 791 haec
533 765 753 820 excerpere
771 751 912 792 lubet:
945 753 1142 794 Τάλαιιτον
1162 763 1300 793 autem
1317 755 1557 807 νομίσματος
1585 753 1665 790 da-

226 808 322 859 plex
355 815 473 854 erat.
510 805 701 850 τάλανιον
736 810 899 862 χρυσίου
926 810 992 850 καὶ
1021 807 1211 852 τάλαντον
1237 808 1449 864 ἀργυρίου·
1489 810 1663 847 alterum

230 863 395 916 quidem
420 867 544 916 τριῶν
567 880 746 916 χρυσων,
778 866 996 915 sexaginta
1026 865 1316 904 drachmarum
1340 867 1527 918 argenti,
1558 865 1664 901 alte-

231 933 324 958 rum
351 921 572 969 sexaginta
602 921 833 968 minarum,
860 935 931 957 sex
959 921 1138 959 millium
1164 921 1457 959 drachmarum
1482 922 1662 971 argenti.

229 973 312 1014 Sed
343 973 456 1027 apud
490 974 672 1013 Sardum
698 976 844 1027 paucis
872 976 1104 1014 interiectis
1126 975 1232 1015 haec
1254 976 1334 1014 alia
1356 983 1590 1030 sequuntur
1610 988 1663 1013 ex

231 1030 407 1069 Polluce
427 1039 572 1069 nostro
593 1030 717 1069 etiam
737 1031 891 1081 petita:
922 1031 988 1069 Ex
1018 1033 1202 1070 Talentis
1229 1032 1420 1070 Atticum
1434 1044 1615 1082 parvum
1635 1044 1662 1068 a

229 1085 397 1125 Fannio
420 1095 457 1123 et
475 1100 502 1123 a
523 1085 696 1124 Polluce
715 1085 872 1124 dicitur
892 1100 940 1124 ex
960 1085 1080 1126 6000.
1111 1088 1320 1126 drachmis
1336 1087 1398 1125 vel
1423 1101 1472 1125 ex
1492 1085 1557 1126 60.
1587 1089 1662 1124 mi-

230 1144 299 1181 nis
337 1140 522 1182 Graecis.
564 1141 610 1179 in
629 1154 745 1207 quae
770 1140 911 1180 eadem
949 1155 1042 1181 cum
1069 1144 1242 1181 Polluce
1271 1151 1416 1181 nostro
1449 1141 1662 1181 consentit

229 1199 343 1236 Hero
365 1195 462 1237 MS.
496 1197 576 1238 πᾶν
590 1194 780 1239 τάλαντον
809 1198 953 1246 ἰδιμας
934 1200 1018 1252 ἔχει
1044 1199 1199 1251 μνᾶς-ξ.
1234 1207 1276 1238 et
1297 1197 1342 1236 in
1376 1197 1663 1236 Demosthenis

230 1252 518 1304 Philippis-am
535 1253 708 1319 primam
731 1253 910 1303 Scholia,
941 1266 1049 1319 quae
1070 1253 1142 1292 hic
1168 1253 1357 1307 posuisse
1373 1253 1551 1292 iuverit:
1588 1269 1664 1301 ση-

228 1309 402 1373 pedrosa
432 1309 624 1350 ἐντεῦθεν
649 1306 713 1350 ὅτι
738 1307 785 1350 to*
812 1310 883 1359 μὲν
900 1306 1091 1351 τάλαντον
1121 1311 1234 1352 ποιεῖ
1247 1309 1399 1362 μνᾶςξ.
1427 1327 1452 1358 η
1480 1308 1561 1362 μνᾶ
1580 1308 1620 1349 δὲ
1639 1324 1663 1361 ρ

229 1360 432 1418 δραχμας·
465 1364 491 1413 ἦ
517 1366 559 1406 δὲ
592 1359 754 1418 δραχμη
781 1362 946 1432 ὀβολους
958 1367 1035 1430 ἐξ,
1064 1382 1118 1413 ως
1143 1366 1247 1407 εἶναι
1271 1365 1343 1408 'tofi'
1371 1363 1565 1406 ταλάντου
1595 1380 1664 1411 τας

228 1419 327 1493 ὅλιας
358 1422 643 1474 ι”ξακισχιλιους
680 1416 888 1473 δραχμας·
919 1421 997 1462 τῶν
1025 1422 1067 1462 δὲ
1090 1421 1273 1474 δραχμῶν
1303 1418 1471 1474 ὀβολους
1491 1436 1664 1471 τρισμυ-

230 1477 360 1532 ρίους·
393 1485 504 1515 recte
534 1475 702 1528 quidem
722 1475 764 1513 id
785 1490 837 1514 ex
856 1477 1144 1515 Demosthenis
1169 1480 1266 1516 loco
1287 1486 1431 1530 patere
1450 1475 1660 1522 adfirmat3

230 1545 326 1570 nam
343 1530 380 1569 si
402 1533 606 1570 calculum
628 1530 831 1583 posueris,
853 1531 912 1570 ita
938 1546 983 1570 se
1003 1546 1087 1571 rem
1109 1531 1261 1571 habere
1283 1532 1525 1583 comperies.
1574 1532 1665 1571 Me-

230 1585 355 1625 minit
380 1600 507 1640 porro
527 1585 655 1624 buius
678 1586 858 1626 Pollucei
874 1587 958 1626 loci
979 1589 1160 1627 Snellius
1185 1588 1249 1627 vir
1266 1602 1350 1626 non
1370 1587 1555 1627 infelicis
1577 1588 1664 1639 pla-

230 1656 285 1681 ne
306 1642 349 1680 in
368 1656 410 1682 re
428 1642 657 1680 nummaria
678 1642 904 1709 indaginis,
934 1643 1070 1690 istius,
1100 1657 1221 1697 quem
1242 1642 1320 1682 1130
1341 1642 1392 1683 de
1414 1656 1459 1682 re
1481 1641 1662 1682 conscri-

231 1697 330 1755 psit,
360 1696 495 1737 libelli
518 1697 670 1751 pagina
688 1696 754 1738 45.
785 1708 826 1737 et
850 1697 985 1738 videri
1012 1713 1180 1752 quoque
1199 1707 1340 1753 potest
1363 1699 1534 1738 Vossius
1554 1693 1579 1740 ὅ
1593 1714 1663 1740 πο·

232 1751 419 1806 λιμαθης
445 1753 489 1791 in
519 1754 815 1805 Etymologico.
873 1754 965 1793 Nos
998 1764 1134 1793 autem
1157 1764 1198 1793 et
1225 1753 1334 1793 hic·
1322 1769 1365 1792 111
1387 1752 1662 1806 sequentibus

231 1807 440 1848 indicasse
474 1809 578 1856 ista,
610 1822 657 1847 ac
679 1809 816 1862 digito
844 1817 1005 1848 tantum
1030 1809 1329 1850 demonstrasse
1358 1808 1547 1848 contenti
1577 1807 1662 1847 eri-

230 1878 345 1914 mus,
375 1863 582 1918 siquidem
610 1873 739 1903 totam
770 1863 880 1903 hanc
909 1879 992 1904 rem
1022 1865 1293 1904 nummariam
1325 1867 1431 1904 velle
1462 1863 1661 1902 hocloco

230 1919 477 1973 diligentius
498 1919 753 1972 ponderare,
786 1934 834 1958 30
859 1918 1101 1960 innumeros
1129 1921 1258 1960 ferme
1281 1916 1662 1964 eruditissimorum

230 1988 400 2029 quoque
424 1974 666 2024 hominum,
708 1976 781 2029 qui
804 1975 1040 2029 castigandi
1071 1984 1230 2024 essent,
1254 1988 1412 2015 errores
1437 1971 1662 2028 explodere

230 2030 418 2070 instituti
438 2030 572 2069 nostri
595 2031 801 2069 rationem
820 2030 1049 2071 excederet.

339 2102 382 2127 zo
403 2083 620 2139 τάλαντον]
652 2086 826 2125 Omittit
847 2104 893 2129 το
915 2089 1092 2126 Salmas.
1150 2087 1326 2127 Konna.
1688 2124 1691 2126 .

339 2144 440 2194 τρεῖς
474 2142 670 2196 χρυσοῦς]
719 2141 898 2181 Salmas.
938 2142 1158 2197 legendum
1187 2161 1211 2184 τ
1238 2157 1415 2196 ypvoovc
1451 2137 1662 2189 Ἀττικούς

228 2197 312 2237 1100
341 2206 404 2238 est
432 2199 699 2264 τριηκοσίους,
730 2206 778 2236 ut
813 2199 918 2236 alibi
949 2198 1209 2237 ostendemus.
1246 2197 1389 2236 forte'
1377 2211 1421 2235 m
1449 2196 1584 2234 libello
1614 2196 1661 2234 de

228 2254 290 2292 Re
331 2258 587 2303 nummaria,
645 2267 766 2306 quem
811 2253 1004 2305 promisit
1044 2253 1235 2307 quidem,
1283 2252 1358 2292 sed
1398 2265 1483 2290 non
1529 2250 1660 2302 dedit,

162 2347 168 2354 ,
231 2318 435 2362 quantum
458 2323 536 2364 ego
559 2308 727 2363 quidem
752 2309 855 2348 scio.
896 2311 1097 2348 talentum
1117 2309 1208 2348 auri
1234 2307 1429 2347 habuisse
1449 2315 1658 2346 trecentos

229 2377 375 2403 aureos
416 2364 475 2404 ita
512 2367 605 2418 quis
645 2362 893 2404 ostenderet.
949 2365 1161 2403 Arrianus
1208 2362 1279 2405 lib.
1322 2363 1396 2404 IV.
1438 2359 1555 2414 ἅναβ.
1598 2375 1659 2402 re-

230 2420 312 2457 fert
343 2420 629 2460 Alexandrum
660 2434 731 2473 per
758 2433 1005 2483 praeconem
1035 2419 1263 2468 indicasse,
1295 2433 1340 2458 se
1368 2418 1559 2457 daturum
1595 2429 1657 2460 12.

229 2474 416 2525 (Curtius
442 2477 521 2528 10.)
545 2480 701 2517 talenta
720 2475 797 2520 ini,
833 2475 907 2527 qui
927 2476 1084 2527 primus
1107 2475 1149 2512 in
1170 2488 1366 2515 cacumen
1387 2483 1528 2526 petrae
1550 2474 1659 2528 Sog—

228 2529 376 2569 dianae
396 2544 593 2571 evasurus
619 2541 746 2579 esset,
774 2531 994 2569 secundum
1012 2546 1091 2569 uno
1113 2529 1248 2571 minus
1269 2540 1535 2582 accepturum
1549 2555 1570 2578 ‚v
1588 2530 1657 2567 111-
1696 2563 1699 2566 .

227 2583 374 2624 timum
406 2586 516 2628 inter
549 2587 688 2629 decem
715 2587 869 2628 milites
901 2585 1140 2627 habiturum
1174 2585 1267 2629 500.
1324 2585 1522 2642 Daricos3
1544 2590 1668 2639 ‘quae'
