1690 2996
176 134 286 178 1554
797 129 853 172 X.
906 132 977 175 78.

177 239 397 295 losophiae
414 241 721 294 Pythagoricae
738 241 947 282 columina
966 244 1156 283 Dioclem
1171 242 1405 285 Phliasium
1439 254 1604 283 enume-

179 308 257 344 rat,
288 310 408 350 quem
429 311 508 351 ego
529 306 665 336 tamen
683 296 889 338 diversum
913 298 1109 339 existimo
1130 313 1151 338 a
1173 298 1333 340 comico
1354 307 1508 339 nostro.
1536 296 1604 336 Ad

182 353 363 393 fabulam
390 352 480 391 eius
503 353 699 392 Bacchas
722 351 834 408 quod
856 354 1030 402 attinet,
1060 368 1146 394 eam
1178 364 1219 395 et
1239 354 1409 408 singulo
1432 365 1604 393 numero

181 404 320 462 Βάκχη
338 410 584 462 appellatam
605 408 780 460 reperio.
806 408 866 448 sic
888 409 1056 464 quidem
1075 409 1185 462 apud
1205 411 1407 448 Plautium
1425 408 1469 447 in
1488 405 1606 451 Κακᾰ

183 466 341 515 κακῶν,
394 460 576 514 Λιοκλῆς
598 461 755 519 Boiam.
799 463 943 517 itaque
968 465 1189 519 legendum
1222 464 1332 518 apud
1359 462 1535 503 Suidam
1559 462 1605 502 in

184 522 256 561 illa
274 533 389 559 voce.
429 520 583 558 Pollux
599 533 698 559 vero
722 529 862 559 noster
880 530 921 560 et
942 520 1045 559 alibi
1063 519 1225 575 Βάκχας
1243 520 1333 560 eius
1353 518 1604 567 nominavit,

183 586 227 617 et
248 576 476 625 Μελίττας,
507 589 600 614 nam
628 573 730 616 haec
755 588 925 628 quoque
944 577 1109 614 Dioclis
1139 586 1202 616 est
1226 573 1455 616 Comoedia
1479 573 1609 613 Athe-

185 645 288 670 naeo
312 630 437 670 etiam
459 629 654 680 laudata,
688 645 767 685 qua
792 630 967 669 forsitan
990 645 1112 684 apum
1130 631 1339 670 solertiam
1363 639 1404 669 et
1422 628 1606 668 sedulam

185 686 435 727 industriam
453 714 465 732 ,
495 699 599 740 quae
626 686 896 725 constitutam
918 686 1023 724 bene
1045 685 1340 737 rempublicam
1363 685 1610 733 imitaretur,

187 741 411 795 exposuit,
441 739 785 795 quemadmodum
818 740 862 778 in
890 741 1051 779 Avibus
1081 740 1168 780 suis
1201 741 1282 780 alia
1303 740 1466 779 ratione
1491 741 1534 777 in
1566 753 1610 778 re

187 812 275 838 non
300 799 426 851 longo
458 795 620 835 diversa
639 795 951 846 Aristophanes.
990 795 1179 834 meminit
1202 795 1293 836 eius
1320 805 1362 835 et
1382 794 1612 847 Hesychius

187 855 233 894 in
259 854 404 907 Ta‘yyoe·
434 855 612 900 Διοκλῆς
632 853 674 893 ἐν
695 853 926 900 Melinum.
957 850 1032 889 ubi
1051 852 1277 903 Sopingius
1300 850 1565 904 inauspicato
1586 848 1612 898 ἡ

187 911 321 964 μίλτος
336 907 555 958 restituere
578 905 764 960 cogitat,
800 919 920 958 quem
942 905 1026 944 viri
1048 920 1132 946 non
1155 904 1320 945 indocti
1341 918 1520 945 errorem
1543 918 1613 944 ca-

188 963 362 1016 stigavit
380 961 594 1002 Berkelius
617 962 660 1000 in
682 961 839 1000 notulis
866 960 916 1000 ad
937 963 1192 1013 Hesychium
1211 961 1338 1002 MSS·
1397 960 1492 999 Non
1513 973 1615 1012 pro-

189 1020 302 1058 cedit
322 1017 518 1072 Sopingii
535 1017 790 1066 emendan'05
818 1031 917 1056 nam
928 1017 1101 1056 Diocles
1115 1017 1384 1057 Atheniensis
1400 1018 1445 1054 in
1463 1017 1615 1058 Meur-

189 1092 281 1123 ταις
308 1076 468 1112 citatur
491 1087 520 1112 a
541 1072 684 1114 saida.
742 1074 945 1111 Diversus
971 1082 1031 1111 est
1057 1087 1084 1111 a
1114 1072 1269 1112 Diocle
1292 1071 1467 1120 medico,
1501 1084 1617 1123 quem

191 1127 433 1182 Hesychius
452 1130 559 1167 citat
581 1131 626 1167 in
643 1127 822 1181 λαπᾶραι
838 1136 877 1166 et
891 1126 1155 1183 συγκομιστός.
1210 1127 1296 1167 Ista
1323 1126 1374 1166 de
1394 1130 1618 1177 Μελίτταις

192 1186 265 1225 hic
286 1183 438 1224 addere
455 1184 598 1235 volui,
632 1193 678 1223 ut
697 1184 824 1223 simul
843 1184 980 1224 omnia
1003 1183 1053 1224 de
1073 1184 1220 1222 Diocle
1239 1181 1395 1223 comico
1415 1183 1617 1235 illiusque

194 1240 369 1290 fabulis,
407 1249 606 1293 quantum
636 1237 687 1279 ad
711 1241 947 1285 Pollucem,
977 1242 1284 1292 complecterer.
1341 1235 1619 1289 Ποδόνιπτρον

196 1305 260 1336 est
282 1296 326 1334 in
346 1294 430 1334 hoo
459 1294 647 1349 Adagio,
676 1292 816 1345 Δεξιδν
835 1296 896 1343 εἰς
924 1292 1135 1347 ὑπόδημα,
1163 1291 1366 1348 ἀριστερόν
1383 1295 1441 1342 εἰς
1459 1293 1619 1335 ποδόνι-

195 1367 334 1407 πτρον.
369 1363 454 1403 quo
474 1349 524 1389 de
542 1349 750 1390 videndus
767 1349 965 1388 Zenobiae
989 1350 1108 1390 Ceut.
1138 1349 1219 1389 ΙΙΙ.

306 1404 461 1459 nilum]
501 1405 549 1446 C.
580 1406 631 1446 V.
659 1404 808 1449 πέλλιν.
838 1406 1016 1458 Hesych.
1047 1402 1207 1455 Πελλοῖς
1237 1403 1264 1454 ἢ
1283 1403 1437 1458 mule,
1464 1401 1619 1455 λεκάνη.

200 1464 380 1506 Salma8.
411 1461 462 1502 V·
493 1461 540 1501 C·
569 1462 735 1511 πὲλθην.
763 1460 1006 1513 legendum,
1036 1462 1189 1511 πίλλην.
1233 1460 1407 1502 ΚσΕΗΝ.

308 1515 462 1570 πέλυν]
500 1517 581 1556 Pro
602 1517 720 1559 πέλω
750 1516 839 1556 MS.
868 1516 1015 1558 πέλλαν.
1053 1526 1095 1556 et
1120 1519 1332 1570 vulgatum
1356 1513 1526 1569 quidem
1551 1514 1621 1557 πέ-

203 1580 273 1617 λυν
291 1574 423 1612 sinam
454 1572 560 1611 alios
587 1585 796 1627 quaerere.
837 1571 941 1611 mihi
961 1579 1044 1610 stat
1065 1570 1285 1612 adhaerere
1305 1570 1478 1610 lectioni
1499 1579 1623 1610 vetu-

199 1639 309 1678 stae,
340 1642 461 1682 quam
482 1636 622 1666 noster
643 1628 869 1667 Palatinus
887 1627 1078 1666 servavit.
1106 1628 1204 1667 Eam
1227 1626 1335 1666 enim
1358 1625 1492 1666 firmat
1510 1628 1621 1680 glos·

202 1685 334 1724 sarius
357 1684 550 1736 princeps
569 1683 819 1735 Hesychius:
851 1685 1027 1735 Πελλῖς,
1055 1681 1084 1732 ἤ
1115 1679 1280 1733 πελλᾶς,
1309 1677 1483 1731 laistim,
1521 1681 1624 1720 satis

202 1743 334 1788 clare,
370 1748 420 1777 ut
445 1740 609 1789 Noster,
637 1736 830 1789 λεκάνην,
860 1738 904 1777 id
930 1737 1123 1778 vocabuli
1146 1750 1370 1789 exponens.
1430 1737 1623 1776 Ceterum

198 1797 333 1849 pelvis
362 1794 637 1841 vocabulum,
667 1808 696 1832 a
713 1793 831 1846 pedis
851 1795 1081 1844 lavatione,
1111 1802 1159 1832 ut
1181 1791 1362 1845 pedelua's
1384 1792 1512 1831 Varro
1529 1789 1625 1831 libr.

205 1851 282 1891 IV.
314 1849 365 1888 de
393 1848 498 1902 ling.
529 1849 673 1890 Latin.
730 1849 810 1889 Sed
839 1849 921 1888 viri
948 1847 1063 1887 docti
1092 1848 1180 1887 fere
1212 1846 1487 1897 dissentiunt,
1515 1855 1557 1886 et
1576 1844 1626 1884 ab

206 1906 291 1944 hoc
320 1899 480 1943 Graeco
498 1933 511 1953 ‚
542 1904 656 1958 quod
688 1904 758 1943 hio
786 1913 928 1944 noster
952 1904 1094 1944 Pollux
1120 1902 1271 1951 refert,
1301 1915 1388 1942 esse
1411 1901 1553 1952 aiunt,
1578 1909 1628 1940 ut

209 1959 338 2014 Bayf'.
366 1958 416 1998 de
445 1959 566 1999 Vasc.
594 1968 642 1999 ut
663 1961 844 2013 Magnus
872 1959 1059 2010 Scaliger
1091 1956 1333 1998 Coniectan.
1364 1955 1415 1995 ad
1437 1971 1530 1995 eum
1554 1959 1628 1995 lo-

211 2031 319 2063 cum,
350 2022 398 2052 ut
435 2015 608 2053 Ursinus
640 2014 886 2069 Adpendice
914 2014 964 2054 ad
999 2015 1168 2052 Tria-lin.
1198 2011 1308 2064 apud
1329 2025 1447 2067 quem
1470 2011 1514 2049 in
1535 2025 1630 2051 ver-

210 2070 276 2109 bis
298 2070 482 2111 Pollucis
506 2072 611 2109 male
643 2079 726 2119 est,
756 2071 901 2112 πέλυκα
920 2071 1006 2109 dici
1023 2084 1050 2108 a
1076 2069 1266 2120 'l'ragc'cis
1284 2064 1353 2117 τήν
1371 2063 1559 2117 λεκάνην·
1587 2071 1629 2109 οἱ
1682 2107 1686 2111 ,

211 2129 255 2168 δὲ
276 2127 458 2175 Αἰολεῖς,
489 2124 651 2178 inquit,
679 2125 826 2168 πέλυκα
848 2144 890 2180 μ.
920 2144 955 2167 r.
984 2130 1016 2175 ξ.
1043 2125 1235 2178 λέγουσιν.
1290 2123 1417 2163 Iuno.

323 2181 472 2232 πέλυν]
503 2179 673 2232 Optime
701 2181 818 2223 MSS.
847 2182 995 2230 πέλλιν,
1026 2193 1146 2233 quam
1165 2179 1434 2231 scripturam,
1462 2179 1631 2219 favente

213 2240 526 2289 langermanno,
555 2235 599 2274 in
618 2245 857 2275 contextum
878 2234 1042 2276 reduxi.
1079 2235 1124 2273 in
1147 2234 1278 2274 veteri
1300 2233 1511 2273 Glossario
1534 2233 1631 2275 MS.

213 2294 367 2346 πέλλις,
399 2293 552 2344 pelvis:
595 2301 855 2345 opportune3
894 2290 1144 2343 videturque
1175 2302 1275 2328 sane
1311 2290 1469 2330 Auctor
1509 2289 1632 2328 istius

216 2349 431 2387 Glaesaria·
452 2346 656 2401 originem
671 2348 883 2388 Romanae
910 2347 1029 2385 vocis
1053 2358 1186 2385 veram
1207 2344 1440 2398 agnovisse.
1470 2344 1635 2384 scilicet

214 2403 380 2458 antiqui
408 2416 494 2442 non
518 2402 708 2442 solebant
734 2402 820 2442 fere
850 2401 1063 2454 duplicare
1086 2398 1246 2439 easdem
1273 2399 1436 2446 literas,
1466 2410 1514 2438 ut
1532 2413 1635 2437 mar·

216 2472 330 2497 mora
353 2466 556 2498 testantur
579 2467 621 2496 et
645 2457 914 2496 vetustissimi
941 2455 1140 2503 Codices,
1173 2454 1216 2492 in
1240 2453 1391 2508 quibus
1414 2458 1635 2510 plerasque
1679 2452 1683 2481 ’ἱ

217 2513 310 2552 illas
331 2527 478 2558 voces,
508 2527 612 2566 quae
635 2511 793 2564 duplici
813 2512 931 2551 litera
953 2509 1089 2550 eadem
1112 2512 1246 2549 solent
1266 2508 1376 2560 apud
1398 2524 1472 2549 nos
1493 2507 1633 2556 scribi,
1675 2521 1679 2526 ’

218 2567 345 2606 unica
377 2577 538 2606 tantum
567 2577 753 2607 exaratas
786 2565 1146 2621 deprehendimus,
1188 2563 1308 2603 istius
1335 2566 1396 2605 rei
1422 2567 1514 2618 capi
1535 2577 1635 2617 pos·
1684 2593 1690 2598 .
