1690 2996
179 191 287 234 1356
798 187 852 235 X:-
908 194 983 233 312·

182 309 306 344 σθαι·
337 296 513 338 restitue
540 296 782 351 τροχαλιων·
823 307 865 338 et
892 300 1123 352 respexisse
1155 299 1288 340 videri
1319 299 1510 353 possiti'u
1545 299 1611 338 his

190 357 294 396 Theo
325 353 375 392 ad
403 354 641 392 Aristotelis
669 353 827 392 isthaec
853 368 939 407 cap.
972 369 1008 407 7.
1064 362 1224 409 Μηχαν.
1256 356 1331 394 ubi
1361 356 1515 408 pariter
1535 356 1609 394 illa

184 426 269 452 vox
299 418 492 476 corrupte
515 407 674 448 editur:
703 426 847 464 τριχως
873 413 914 452 δὲ
938 411 1132 478 ἐνδέχεται
1157 410 1224 453 τόν
1249 410 1392 453 aemulor
1411 410 1610 477 κυλισθῆ-

183 484 273 518 ναι,
306 464 333 514 ἢ
351 481 425 518 γαρ
444 481 545 506 κατα
565 481 636 514 την
653 462 806 532 αψιᾋδα
832 466 1221 520 συμμεταβάλλοντος
1240 471 1311 510 τοῦ
1331 468 1501 520 κέντρου,
1530 483 1608 508 ωσ·

185 539 262 576 περ
283 521 305 563 ἆ
329 519 470 576 τρόχος
501 518 524 561 o‘
543 521 611 569 τῆς
640 517 791 573 οἷμᾶξης
820 526 1014 566 avaluna·
1051 522 1078 573 ἢ
1102 527 1191 576 nepa*
1218 521 1264 565 τό
1288 525 1448 574 κέντρον
1474 518 1608 575 μόνον,

186 579 322 632 ὥσπερ
350 581 392 619 αἱ
418 579 670 629 τροχιλαίαι,
687 578 759 619 τοῦ
787 580 945 630 κέντρου
970 579 1156 632 μένοντος
1181 589 1258 618 etc.
1295 578 1366 618 sed
1391 577 1610 631 legendum

187 644 302 688 patet
330 635 395 672 vel
422 630 642 684 τροχιλῖαι,
671 636 739 671 vel
767 637 992 687 τροχαλίαι,
1025 649 1108 688 quo
1140 643 1270 687 pacto
1289 636 1411 673 semel
1437 635 1613 672 iterum-

189 704 269 743 que
312 698 423 727 recte
463 686 659 725 scribitur
692 690 830 740 capite
864 691 1036 744 19.ubi
1065 690 1267 729 rationem
1299 690 1497 742 exponit,
1539 701 1612 726 cur

188 743 398 784 trochleae
425 742 601 780 maxima
632 743 815 793 pondera
841 748 1028 783 attollere
1050 745 1134 783 sint
1155 756 1289 798 aptae.
1324 745 1392 783 sed
1417 758 1439 782 e
1464 745 1612 782 leeone

190 813 288 840 vero
317 796 485 837 attende
518 797 575 835 sis
606 797 814 850 duplicem
847 800 1122 839 trochlearum
1155 801 1354 852 speciem,
1385 810 1458 838 aut
1477 805 1613 851 μοχλι-

189 855 270 899 κῶν
290 863 361 892 aut
378 854 679 901 πολυσπάσιων,
694 854 805 906 quod
829 855 1114 919 intelligendis
1134 856 1280 894 melius
1301 865 1423 909 atque
1444 856 1610 908 capien-

190 911 284 949 dis
274 925 317 947 in
343 910 532 947 Vitruvio
553 909 741 959 pluribus
761 909 864 947 locis
885 912 1042 960 aperiet
1062 911 1184 952 viam,
1241 909 1455 962 Siquidem
1474 920 1609 949 autem

189 966 292 1005 haec
314 963 527 1010 machina,
557 963 653 1000 dum
683 972 866 1008 rotatur
897 979 990 1002 son·
996 976 1079 1002 tum
1102 965 1198 1004 edat
1216 965 1384 1003 auribus
1405 966 1610 1018 ingratum

190 1031 252 1062 et
266 995 542 1058 iniucundum
580 1019 808 1072 fragorem,
836 1019 933 1059 inde
958 1031 1099 1060 natum
1120 1031 1180 1060 est
1209 1020 1347 1058 illud
1336 1034 1379 1058 in
1399 1020 1611 1070 Xanthip-

184 1091 264 1130 pen
280 1076 469 1114 Socratis
492 1072 724 1116 dicterium.
765 1089 857 1112 nam
883 1077 1098 1114 Alcibiadi
1128 1075 1390 1122 sciscitanti,
1423 1085 1464 1115 et
1485 1075 1613 1114 admi

189 1131 322 1177 tanti,
352 1129 426 1182 qui
456 1130 646 1167 Socrates
666 1144 799 1183 aequo
822 1131 961 1169 animo
983 1132 1252 1183 pervicaciam
1275 1131 1420 1169 uxoris
1442 1140 1484 1170 et
1501 1130 1612 1168 dica-

190 1201 277 1226 cem
295 1185 566 1238 petulantiam
592 1186 773 1236 perferre
790 1196 944 1238 posset,
974 1187 1221 1254 respondet:
1248 1185 1363 1229 ''Au
1383 1186 1502 1240 ἔγωγε
1523 1203 1613 1227 συν-

190 1245 329 1293 είθισμ
335 1259 376 1282 αι
396 1242 619 1294 καθαπερει
639 1243 707 1282 καὶ
727 1244 941 1294 τροχηλεάς
957 1237 1109 1283 οἷκουων
1131 1246 1302 1295 συνεχές.
1333 1242 1396 1280 sic
1417 1243 1476 1280 in
1485 1244 1612 1280 ιαὲν-

193 1301 252 1336 tio
274 1298 330 1342 11,
355 1295 417 1335 56.
438 1296 516 1334 ista
536 1309 579 1334 se
599 1296 723 1334 verba
739 1295 911 1343 babent.
931 1312 1071 1336 verum
1085 1299 1233 1336 Suidas
1254 1297 1443 1351 agnoscit
1466 1298 1509 1335 in
1532 1296 1615 1335 hoc

191 1356 287 1393 loco
319 1354 536 1405 τροχιλίας,
569 1351 844 1403 praestantius
878 1362 1010 1400 certe,
1043 1367 1163 1406 quam
1190 1354 1351 1399 editur,
1395 1351 1509 1405 quod
1538 1353 1615 1390 ita-

193 1422 302 1462 que,
331 1410 399 1449 vel
428 1409 638 1459 τροχηλίας
667 1420 837 1458 repone
880 1408 1035 1460 legitur
1063 1418 1104 1447 et
1135 1409 1177 1446 in
1202 1408 1367 1459 eodem,
1397 1407 1508 1460 quod
1531 1421 1615 1446 mo-

191 1477 291 1502 nere
313 1476 462 1516 operae
484 1462 611 1500 ferme
630 1463 806 1514 pretium
829 1476 913 1500 non
935 1463 1003 1507 sit.
1026 1464 1212 1517 συνεχῶς
1244 1463 1303 1502 Ut
1321 1473 1456 1502 autem
1476 1461 1615 1501 troch-

192 1521 346 1558 learum
367 1531 523 1555 summa
560 1518 644 1555 fuit
670 1517 829 1555 utilitas
860 1518 903 1555 in
925 1518 1193 1557 aedificandis
1217 1518 1428 1566 domibus,
1461 1532 1540 1570 qua
1564 1518 1614 1558 de

194 1588 238 1613 re
270 1573 432 1611 decimo
468 1586 581 1611 nono
611 1572 746 1624 capite
777 1573 1117 1612 Mechanicorum
1150 1574 1258 1613 dixit
1278 1576 1528 1624 Aristoteles,
1554 1573 1625 1612 sic·

195 1638 237 1668 et
256 1628 299 1666 in
322 1625 494 1667 navibus
514 1627 584 1666 illa
606 1642 691 1666 non
719 1627 856 1666 minor
874 1630 1083 1689 apparuit.
1113 1630 1286 1669 fuerunt
1307 1630 1416 1668 enim
1439 1629 1483 1667 in
1502 1643 1614 1668 sum-

194 1684 340 1723 mitate
373 1682 677 1722 carchesiorum
715 1682 950 1731 trochleae,
982 1684 1135 1737 quibus
1163 1687 1279 1724 erant
1314 1684 1461 1724 inserti
1491 1685 1613 1723 funes
1627 1711 1643 1720 -.

195 1739 397 1792 appellati
419 1736 652 1803 καρχήσιρι,
685 1751 860 1792 quorum
883 1754 961 1792 ope
1009 1743 1098 1779 vela
1127 1740 1462 1794 expanderentur
1491 1749 1615 1792 atque

195 1794 549 1833 subtraherentur.
598 1794 677 1832 iam
723 1808 821 1833 vero
850 1795 1031 1843 nemini,
1062 1805 1190 1848 puto,
1220 1796 1367 1835 latebit
1397 1794 1626 1849 τροχιλιῶν,-

196 1863 270 1888 seu
293 1848 570 1887 trochlearum
594 1851 747 1898 forma,
779 1851 850 1903 qui
871 1854 937 1889 vel
955 1852 1039 1889 levi
1063 1852 1323 1909 perlustrarit
1341 1854 1464 1889 oculo
1486 1864 1613 1889 arma-

194 1912 330 1943 menta
351 1904 528 1944 navalia.
570 1918 711 1942 verum
731 1905 896 1943 illorum
927 1920 1030 1960 quae
1049 1907 1138 1944 dixi
1172 1915 1315 1946 testem
1341 1905 1493 1944 habeto
1528 1906 1631 1944 Gau-

195 1959 358 1998 Ienum'
347 1973 390 1996 m
415 1959 572 1996 Οίοεείε
595 1961 932 2010 Htppocraticis‚
964 1976 1066 2001 voce
1095 1961 1347 2015 Καρχήσιον,
1377 1961 1514 2016 quod,
1541 1961 1614 1998 in-

197 2016 315 2068 quit,
347 2023 406 2052 est
426 2031 472 2079 ‚²⁰
509 2012 577 2055 ἐπ’
605 2015 714 2066 ἄκρῳ
741 2016 791 2066 τῷ
809 2020 940 2080 ἱστίῳ·
972 2017 1050 2070 ἔχει
1071 2020 1112 2058 δέ
1129 2021 1350 2082 τροχηλιάν,
1379 2034 1445 2059 και
1464 2011 1612 2071 καρχή-

194 2085 275 2113 σιοι
304 2067 366 2111 ἐπ’
383 2067 506 2112 αὐτοῦ
522 2073 607 2118 (vel
623 2074 660 2110 οἱ
679 2068 758 2110 u'n'
773 2068 895 2113 αὖιου
914 2074 1072 2125 potius)
1088 2072 1198 2116 κάλοι
1215 2079 1252 2115 οἱ
1275 2074 1403 2126 (quod
1423 2078 1460 2114 οἱ
1478 2073 1615 2112 delere

194 2122 343 2179 potes)
369 2127 585 2176 τεταμένοι.
644 2125 692 2162 In
723 2126 946 2166 Sclzoliaste
974 2142 1071 2167 vero
1108 2130 1323 2180 Euripidis
1360 2127 1410 2167 ad
1441 2128 1542 2168 Hac.
1573 2141 1614 2167 v.

197 2178 316 2221 1265.
346 2182 535 2233 reperio:
575 2177 691 2228 Λόιη
706 2176 926 2237 αναβήσῃ’
906 2201 948 2224 εν
970 2185 1023 2236 τῷ
1040 2179 1228 2238 οἷνωτοὶτῳ
1246 2185 1316 2227 τοῦ
1334 2184 1461 2234 ἱστοῦ,
1489 2183 1612 2234 ἤγουν
1671 2179 1674 2181 v

194 2240 246 2292 τῇ
260 2235 362 2288 ἄκρᾳ
382 2240 460 2277 ταῖν
477 2236 706 2289 τροχαλιῶν
749 2241 1130 2304 commaculataque
1153 2250 1213 2278 est
1235 2241 1304 2278 illa
1325 2251 1409 2279 vox
1430 2239 1474 2276 in
1498 2237 1610 2276 Har-

189 2295 420 2343 poe-ratione
437 2306 539 2330 voce
559 2297 725 2333 ametor
766 2292 827 2329 sic
847 2293 956 2331 enim
978 2293 1034 2331 ibi
1053 2295 1194 2346 χρῆσις
1217 2293 1440 2332 adducitur
1458 2306 1508 2331 ex
1529 2295 1610 2331 Ar·

193 2346 362 2398 chippi'
364 2355 482 2401 Ομῳε
524 2349 763 2400 Ίῇαχηλιάις
790 2348 862 2387 ras
865 2366 910 2389 ra
937 2351 1003 2389 καὶ
1024 2352 1191 2397 maclou,-
1208 2353 1379 2396 ἱστᾶσιν,
1415 2346 1497 2390 Ουκ
1515 2347 1610 2390 ἄνευ

191 2401 342 2444 πόνου·
375 2389 447 2440 ubi
475 2403 693 2455 legendum
715 2402 886 2440 omnino
903 2407 1124 2468 τροχῃλίριις
1146 2407 1211 2444 vel
1230 2406 1464 2458 τροχιλίαις,
1495 2403 1612 2457 quod

193 2467 234 2496 et
256 2456 595 2496 animadvertisse
630 2457 910 2495 casaubonum
944 2459 1139 2498 existimo
1167 2459 1218 2498 ad
1247 2460 1508 2498 Athenaeum
1529 2458 1608 2506 IV,-

191 2523 256 2550 20.
286 2511 355 2550 sed
379 2511 437 2550 ibi
457 2515 642 2551 locorum
670 2527 760 2550 cum
784 2514 877 2565 typi
901 2514 1005 2552 vitio
1030 2517 1255 2579 ιραχιλιάις·
1266 2515 1508 2566 impressum
1535 2513 1605 2563 sit,

189 2569 459 2605 Maus-mcum
497 2569 537 2604 in
571 2582 747 2606 errorem
778 2567 820 2605 id
856 2569 988 2619 ipsum
1020 2569 1156 2620 dedit,
1187 2570 1257 2624 qui
1291 2569 1392 2622 quid
1424 2569 1605 2609 voluerit

193 2622 457 2660 casaubonus
476 2636 560 2660 non
582 2623 741 2675 cepisse
761 2624 1003 2664 manifestus
1025 2635 1100 2674 est,
1132 2625 1337 2679 siquidem
1355 2625 1445 2663 eius
1459 2637 1605 2663 emen-
