1690 2996
189 126 297 169 1484
804 122 860 164 X.
918 125 984 168 66.

292 233 570 290 θερμανσιρῖς,
597 233 833 288 θερμαστῖς]
864 233 945 274 Pro
961 235 1240 289 θερμανοτρὶς,
1267 235 1498 290 θερμαστῖς,
1518 235 1606 279 MS.

191 300 352 337 noster:
381 292 639 343 θέρμαυστις,
665 291 929 343 θερμαστρίς·
959 299 1000 329 et
1021 292 1279 344 θερμαστρὶς,
1299 306 1375 346 pro
1386 295 1611 346 θερμαστις

188 350 361 400 vulgato
379 345 642 386 scribendum
667 346 842 385 omnino
869 354 1001 398 puto.
1025 345 1151 388 habe·
1181 347 1310 388 illud
1307 358 1356 389 et
1386 348 1498 402 apud
1521 350 1622 387 He-v

185 403 298 455 sych.
357 403 438 441 Pro
459 404 590 440 altero
615 415 712 441 vero
733 401 777 439 in
796 401 883 440 MS.
905 401 998 454 quis
1029 401 1243 443 emendare
1266 404 1408 443 voluit
1431 411 1610 459 θερμαν-

188 458 300 505 ortg-
333 467 378 496 tu
398 459 663 512 θερμαυστρις
679 455 833 496 scribe:
871 455 1010 509 quod
997 466 1056 496 ita
1074 457 1175 497 hinc
1193 472 1356 513 quoque
1374 459 1478 498 citat
1494 462 1610 511 Βαγ-

176 515 267 563 fiac
301 512 350 552 de
375 513 577 561 Vasculis,
607 512 689 551 ubi
720 511 770 552 de
798 512 1014 564 ipnolebete
1043 513 1149 567 agit,
1188 524 1229 553 et
1256 511 1509 566 ἰπνολεβῆτια
1539 514 1609 553 hic

187 583 265 608 nos
284 578 444 607 vertere
464 582 587 622 posse
617 569 806 607 miliaria
835 567 1043 620 opinatur.
1082 583 1160 608 nec
1185 570 1307 610 aliter
1331 580 1450 610 antea
1479 567 1610 620 editi,-

187 634 229 663 et
250 624 391 676 itaque
427 625 582 676 pariter
610 622 736 662 video
767 632 955 662 nostrum
986 623 1173 663 Seberum
1201 625 1346 665 iubere
1374 634 1423 665 ut
1450 626 1610 666 Polluci
1640 673 1653 686 Ι

185 680 470 719 rescribamus.
512 678 666 718 Scribe
687 679 827 732 itaque
846 682 1132 733 θερμαυστρῖς,
1169 682 1434 734 θερμαστρῖς.
1478 682 1608 720 Iuno.

294 734 574 788 θερμανστρὶς,
599 734 830 788 θερμαστῖς]
861 734 1044 772 Primum
1074 735 1321 775 vocabulum
1343 750 1430 775 non
1458 750 1608 791 magno

186 789 328 829 labore
356 789 663 829 emendavimus
691 804 713 827 e
750 791 879 841 prior.
911 788 1027 828 editt.
1059 790 1172 843 quod
1206 791 1315 830 enim
1345 791 1416 831 hic
1444 794 1609 846 legatur

185 849 471 900 θερμανστρῖς,
499 846 592 898 typi
614 845 722 884 vitio
738 842 908 882 accidit.
937 846 1109 894 alterum
1129 847 1328 890 refecerat
1344 848 1609 892 etKuelmias

177 903 475 954 &couerci-olas
487 902 546 939 sic
569 910 610 939 et
634 899 745 952 apud
769 899 1031 951 Ηεεγείιίιιηι,
1064 901 1136 953 qui
1164 905 1372 941 masculum
1405 916 1490 947 non
1517 902 1611 941 dis-

185 957 319 996 simile
335 958 465 996 fuisse
483 957 610 995 refert
630 973 684 1009 τῳ
709 956 895 1008 καρκίνῳ,
924 968 1086 1004 cancro,
1128 969 1250 1009 quem
1274 956 1463 1005 aurifices
1489 971 1609 1002 usur-

185 1013 338 1066 perint
349 1012 399 1050 ad
418 1026 574 1060 aurum,
604 1021 651 1049 ut
674 1020 791 1065 puto,
820 1010 1191 1077 liquefaciendum.
1234 1050 1237 1051 ⁷

294 1065 566 1120 καὶποτηρια]
600 1066 647 1106 C.
668 1068 718 1105 A.
737 1062 930 1118 ποτήρια,
972 1075 1014 1104 et
1042 1066 1103 1106 sic
1133 1066 1329 1120 deinceps
1360 1065 1610 1109 omittuntur

185 1123 509 1165 coniunctiones
529 1136 661 1176 usque
683 1121 734 1160 ad
751 1124 818 1164 καὶ
839 1119 890 1162 ια’
908 1119 1036 1164 πολλα
1063 1131 1139 1168 etc.
1197 1123 1372 1167 Kmffln
1420 1163 1422 1165 ,

295 1179 362 1221 καὶ
382 1173 544 1220 κοτύλαι
563 1176 666 1230 ete.]
693 1178 787 1216 MS.
816 1174 984 1219 κότυλοι
1041 1178 1139 1221 Snn.

295 1237 365 1277 καὶ
384 1229 547 1281 κοτύλᾳι
566 1233 658 1285 εἶα]
687 1233 781 1273 Pro
787 1230 945 1276 κοτύλαὸ
974 1231 1023 1273 C.
1052 1233 1102 1277 A.
1129 1230 1297 1278 κότυλοι.
1320 1216 1463 1275 Salm.
1495 1230 1612 1278 κότυ-

185 1296 266 1343 λοει,
297 1288 464 1342 φύαλαι.
520 1289 696 1329 humus.

295 1348 363 1387 καῖ
384 1342 544 1387 κοτύλαι
560 1344 653 1395 ete.]
684 1345 782 1384 MS.
813 1361 881 1386 και
912 1338 1118 1392 memeq-
1161 1341 1349 1395 κοιῖτυλοι,
1385 1346 1450 1395 καὶ
1482 1363 1611 1388 κωτυ-

186 1404 326 1453 Menoe,
358 1402 424 1442 καὶ
443 1419 484 1452 ᾳ
505 1400 571 1441 καὶ
588 1397 755 1450 κύλικες,
789 1402 856 1441 και
878 1402 1059 1442 κυλίσκαι
1077 1409 1156 1442 etc.
1214 1400 1311 1439 Non
1333 1401 1500 1454 probo
1489 1416 1532 1439 m
1547 1402 1611 1440 il-

184 1458 239 1497 lis
259 1459 441 1504 κώτυλοι,
472 1458 539 1497 καὶ
557 1472 649 1497 κωτ.
684 1456 819 1494 Seberc'
839 1456 928 1495 MS.
949 1453 1125 1497 κότυλοι·
1157 1454 1206 1495 de
1226 1455 1309 1506 hoc
1328 1471 1425 1510 ergo
1458 1456 1609 1496 viden-

187 1512 285 1551 dum
302 1514 384 1550 isto
406 1526 506 1550 sexu
526 1511 712 1563 potiore:
744 1519 785 1549 et
802 1524 922 1563 supra
947 1510 1129 1561 quidem,
1149 1525 1243 1566 quo
1249 1525 1292 1550 se
1310 1513 1464 1551 Noster
1483 1513 1610 1553 refert

186 1568 261 1610 VI.
277 1566 340 1631 96.
360 1564 521 1615 κότυλος
543 1576 625 1615 est;
656 1566 730 1604 ubi
753 1575 889 1604 tamen
903 1567 993 1605 MS.
1008 1565 1168 1605 deficit:
1191 1565 1304 1618 ῥυτοῖ,
1325 1566 1484 1619 σκύφοι,
1497 1565 1610 1610 κότυ-

187 1629 254 1671 λος
265 1633 345 1662 ait
368 1623 436 1660 ubi
450 1636 617 1674 quoque
631 1622 782 1686 plurali
799 1618 1071 1663 xo'zvloaforte
1083 1623 1261 1662 rectius:
1287 1636 1380 1660 nam
1399 1632 1440 1662 et
1455 1637 1610 1662 mascu·
1632 1636 1638 1642 '

185 1679 276 1718 lino
297 1691 446 1732 genere
468 1677 662 1729 usurpari
678 1677 832 1715 ibidem
853 1691 977 1730 segm.
991 1689 1060 1740 99.
1077 1676 1149 1715 ubi
1169 1686 1210 1716 et
1232 1675 1458 1726 κοιυλισκος
1475 1679 1610 1732 sequi·

187 1744 270 1781 tur,
301 1737 453 1771 clarum
474 1742 549 1782 est,
578 1742 619 1771 et
641 1747 693 1772 ex
714 1733 925 1771 Athenaeo
947 1732 1111 1784 aliquot
1130 1734 1330 1803 exemplis
1349 1733 1528 1774 docuere
1544 1734 1608 1773 vi-

186 1791 225 1828 ri
245 1788 386 1828 docti.-
419 1789 491 1840 qui
510 1788 584 1828 lib
606 1788 681 1828 XI.
705 1789 877 1839 Dipnos.
896 1790 1012 1840 plura
1032 1786 1083 1826 de
1101 1786 1277 1841 κοτύλῳ·
1277 1787 1452 1840 κοτυλη
1482 1795 1608 1843 §egm.

187 1845 254 1898 75.
278 1836 492 1896 sequitur·
524 1843 666 1893 potius
685 1843 735 1882 de
754 1857 960 1893 mensura,
995 1850 1041 1880 ut
1060 1853 1101 1882 et
1119 1858 1243 1896 supra
1264 1846 1328 1886 ἐπι
1343 1846 1609 1898 με’τρῳεΠιιιει

186 1899 272 1938 fuit
288 1899 362 1951 VI,
396 1912 457 1951 19.
476 1897 573 1944 VII,
610 1898 698 1954 195
715 1901 904 1949 κυλίσκην
925 1912 1022 1938 vero
1041 1912 1163 1950 supra
1177 1899 1299 1939 etiam
1316 1899 1478 1940 habes·
1467 1914 1512 1938 m
1531 1899 1610 1939 hac

170 1954 359 1994 ·materia
381 1955 468 2000 VI,
493 1953 557 2007 95.
577 1963 618 1994 et
635 1957 830 1996 κυλίσκιον
851 1955 924 2003 VI,
954 1951 1020 2008 98.
1078 1955 1204 1998 Iuno.
1247 1976 1257 1983 υ

296 2012 364 2052 και
382 2005 562 2060 κοτύλαι]
593 2010 757 2048 Placuit
777 2010 858 2048 hoc
879 2013 974 2048 loco
996 2010 1118 2048 MSS.
1142 2010 1268 2049 lectio
1282 2009 1452 2057 κότυλοι,
1480 2024 1607 2065 quam

176 2065 326 2107 textui
347 2065 494 2105 lubens
514 2064 696 2116 reposui.
731 2075 866 2118 neque
886 2074 1021 2104 tamen
1043 2068 1210 2134 vulgata
1231 2076 1293 2106 est
1310 2066 1514 2119 imp-reba,
1546 2075 1607 2104 ut-

187 2131 290 2176 pote
318 2135 422 2174 quae
451 2119 580 2158 simili
614 2119 790 2173 gaudeat
817 2120 1014 2170 notione,
1054 2134 1101 2159 ac
1123 2118 1297 2171 κότυλος·
1327 2122 1466 2162 eadem
1497 2122 1606 2162 enim

186 2178 406 2230 utriusque
437 2175 553 2215 vocis
583 2184 624 2213 et
652 2175 770 2228 origo
802 2184 843 2214 et
866 2188 989 2225 usuS,
1020 2175 1260 2228 siquidem
1249 2191 1291 2216 ιιι
1314 2178 1443 2216 veteri
1462 2178 1606 2230 lingua

188 2234 346 2272 Graeca
379 2230 539 2278 κότυλος
577 2229 876 2284 significaverit
903 2244 1072 2278 cavum,
1108 2233 1264 2282 κοῖλον,
1302 2242 1362 2270 ut
1377 2230 1606 2270 ostendunt

174 2289 426 2328 ¹,Athenaeus
455 2294 496 2326 et
524 2287 799 2338 Etymologue;
831 2283 1013 2348 indeque
1034 2295 1075 2324 et
1110 2286 1215 2326 aliae
1241 2290 1380 2338 plures
1411 2287 1605 2325 notiones

185 2343 498 2396 profluxerunt,
541 2355 592 2381 ex
614 2355 784 2395 quatum
806 2340 995 2393 vestigiis
1013 2340 1232 2390 pristinam
1251 2343 1365 2380 illam
1388 2342 1604 2381 notionem

184 2399 386 2451 perfacile
405 2396 602 2449 colligas,
630 2406 679 2435 ut
707 2395 817 2448 apud
845 2394 1100 2446 Hesychium
1117 2405 1159 2435 et
1178 2397 1352 2435 saidam
1379 2395 1522 2436 videre
1555 2397 1605 2436 li-

185 2462 264 2493 cet.
298 2453 440 2505 poculi
463 2451 670 2503 quoddam
695 2451 836 2516 itaque
856 2463 1010 2515 geum,
1039 2450 1150 2504 quod
1185 2466 1307 2491 unam
1328 2451 1500 2492 haberet
1535 2466 1604 2490 au·

183 2507 378 2554 riculam,
410 2507 645 2560 designavit
674 2504 813 2558 κοτύλη
843 2515 885 2546 et
912 2502 1090 2554 κότυλος.
1134 2508 1335 2560 quamvis·
1352 2509 1395 2546 in
1422 2508 1501 2547 hoc
1519 2521 1602 2546 non

185 2564 369 2603 nesciam
392 2563 607 2616 disputare
629 2572 789 2606 veteres
813 2561 1147 2612 Grammatico-s,
1180 2576 1286 2617 quae
1320 2573 1440 2603 certa
1451 2565 1602 2616 poculo
