1690 2996
737 147 739 149 -
759 125 815 166 X.
857 129 940 169 23.
1433 151 1435 153 -
1455 119 1563 164 1335

113 230 363 294 ‘Cyrenafea
386 236 578 285 historia,
609 251 728 291 quam
753 236 913 276 refert
902 249 945 274 m
966 235 1229 286 Melpomene,
1259 230 1369 287 quod
1389 244 1563 271 cumex-

135 294 302 335 ciditset
319 294 455 346 patria
481 307 552 344 per
572 292 838 339 seditionem,
859 290 991 329 delata
1015 291 1069 328 sit
1091 290 1140 328 ad
1161 290 1343 327 Insuiam
1361 289 1560 341 Cyprum,

133 359 176 391 et
200 363 223 388 a
254 350 369 402 Rege
401 347 583 388 eiusdem
610 347 806 400 petiverit
837 347 1005 398 copias,
1045 346 1196 397 quibus
1224 344 1490 383 reduceretur
1515 343 1560 380 in

131 405 325 460 patriam.
364 403 435 442 sed
466 405 660 448 Enetum,
702 403 771 455 qui
801 411 885 439 tum
911 417 1041 439 rerum
1064 402 1106 438 in
1137 401 1210 439 illa
1241 399 1509 466 potiebatur'
1497 413 1561 436 m-

126 463 237 506 eula,
269 459 377 498 dona
404 459 441 498 ei
464 459 576 496 misit
597 457 787 496 muliebri
807 471 908 495 sexu
931 456 1072 510 digna,
1094 465 1133 494 et
1153 454 1378 505 τοιούτοισι,
1404 454 1559 507 inquit.

132 521 322 572 γυναῖκας
350 517 591 567 δωρέεσθαι,
622 511 700 554 ἄλλ’
720 510 769 553 ον’
788 517 965 567 στρατιῇ·
1007 513 1062 550 ita
1101 513 1241 551 Nostri
1262 510 1447 551 Codices.
1489 509 1562 549 ned

133 571 414 612 Eustochiae
404 585 445 608 m
470 571 594 608 Iliad.
613 583 702 622 pag.
727 568 819 622 659.
859 556 975 606 addit
992 565 1224 623 θνησκούσῃ
1241 567 1281 607 ἐκ
1305 571 1381 607 τῶν
1401 564 1562 619 τρωμά-

133 635 233 672 των.
275 639 378 679 quae
399 626 521 665 verba
547 627 636 664 sine
663 624 792 662 dubio
815 624 1029 662 invenerat
1051 624 1092 660 in
1122 636 1197 660 suo
1221 621 1400 671 Codice,
1430 634 1562 673 eaque

135 682 307 722 omnino
331 680 391 719 ad
410 695 490 720 rem
516 682 650 719 facere
673 679 882 719 videntur.
941 680 1055 717 Haec
1080 677 1215 716 obiter
1237 691 1404 716 monere
1426 677 1560 725 volui,

132 751 187 776 ne
205 737 342 776 statim
365 737 579 774 uncinulis
603 745 646 773 ut
669 736 800 774 aliena
823 734 1103 784 includantur,
1134 747 1237 787 quae
1258 732 1410 771 nostris
1430 732 1472 770 in
1485 745 1562 770 ex-

136 791 382 846 emplaribus
405 805 487 829 non
511 800 748 833 occurrunt.
778 791 824 829 C.
849 791 894 828 A.
918 800 1053 829 autem
1083 804 1165 828 non
1191 788 1313 828 habet
1332 789 1408 826 ista
1427 801 1560 841 usque

136 847 187 887 ad
218 847 350 899 οῖ’μὲν
383 841 478 887 οὖν·
519 847 797 898 ἔπισπαστῆρες
827 845 865 886 h.
891 848 918 883 l.
952 855 1049 883 sunt
1080 846 1277 893 marculi,
1323 843 1474 898 quibus
1509 856 1561 882 ex

137 903 248 942 ferro
277 902 480 941 confectis
509 902 732 939 attrahitur
756 903 877 939 ianua
909 901 1157 952 claudenda,
1190 899 1315 953 idque
1332 899 1476 938 suadet
1493 901 1563 937 lo-

138 971 212 997 cus
230 957 433 997 Herodoti
454 957 667 1009 inspectus
693 959 757 994 vel
775 957 886 994 limis
909 956 1254 995 oculi⁸.Ku1-:nu.

249 1014 347 1065 φησὶ
364 1012 420 1058 δὲ,
445 1021 520 1049 etc.
532 1012 550 1063 ]
585 1013 675 1051 MS.
697 1012 845 1050 iterum
867 1011 1028 1049 auctior
1049 1010 1165 1050 addit
1186 1020 1226 1050 et
1248 1010 1399 1048 librum
1418 1011 1563 1049 Hero-

138 1069 233 1118 doti,
262 1068 319 1105 ita
342 1066 518 1106 habens·
560 1070 656 1119 φησὶ
675 1066 715 1121 γ’
745 1084 815 1108 ουν
834 1069 876 1108 ἒν
897 1071 951 1121 τῷ
969 1082 1002 1112 ς.
1022 1069 1184 1119 βιβλίῳ·
1224 1063 1504 1119 ἐπιλαβόμενος
1522 1065 1564 1106 δὲ

137 1129 217 1166 τοῖν
250 1121 546 1174 ἐπισπαστήρων
577 1126 718 1175 εἴχετο·
756 1125 795 1164 ἐν
822 1123 861 1164 δὲ
889 1132 966 1160 etc.
1028 1123 1082 1159 Et
1116 1124 1172 1160 ita
1212 1123 1350 1160 omnia
1378 1119 1560 1169 emenda,

139 1180 269 1218 eiecta
299 1181 444 1216 vocula
476 1176 611 1228 οἷπρῖξ,
658 1192 777 1230 quam
802 1177 944 1216 nescio
964 1178 1058 1231 quis
1081 1178 1249 1230 ineptus
1271 1177 1446 1216 invexit.
1485 1188 1563 1215 neo

123 1234 183 1272 'in
208 1227 305 1273 MS.
338 1243 480 1271 nostro
506 1233 643 1272 hercle
671 1234 865 1285 adparet
904 1246 1002 1282 nec,
1043 1242 1089 1270 ut
1120 1243 1161 1272 et
1190 1233 1352 1270 seberus
1382 1231 1561 1281 notavit,

135 1288 245 1342 apud
269 1289 542 1335 Herodotum
573 1289 691 1326 cuius
713 1291 848 1326 locum
872 1302 922 1326 ex
942 1290 1065 1327 Vasa
1086 1302 1230 1339 sexse,
1260 1289 1348 1326 sive
1369 1289 1562 1337 Eratone,

119 1354 224 1398 cap.
247 1357 314 1412 9¹·
344 1342 548 1392 adscribo,
581 1343 631 1382 de
655 1346 856 1395 Aegineta
874 1358 896 1383 e
921 1344 1100 1382 vincuIis
1118 1346 1274 1395 elapso.
1313 1344 1347 1381 is
1367 1341 1561 1394 καταφεύ·

135 1416 197 1455 γει
219 1397 319 1452 πρὸς
336 1393 524 1466 πρόθυρα
552 1397 762 1452 Δήμητρος
793 1398 1076 1453 Θεσμοφόρου·
1091 1397 1397 1467 ἐπιλαβόμενος
1425 1398 1466 1440 δὲ
1483 1398 1563 1439 τῶν

136 1452 458 1507 ἐπισπαστήρων,
488 1456 634 1508 εἴχετο·
673 1457 715 1496 οἷ
739 1455 798 1500 δὲ,
831 1456 915 1496 ἐπεί
935 1456 974 1495 τέ
996 1473 1061 1507 μιν
1079 1451 1306 1497 ἀποσπάσαι
1326 1472 1399 1495 ουκ
1422 1452 1562 1496 οἷοίτε

138 1508 368 1559 ἅπέλκοντες
388 1512 584 1565 ἐγίνοντο,
614 1508 888 1562 ἀποκόψαντες
907 1506 1030 1552 αυτοῦ
1051 1527 1118 1559 τας
1140 1516 1288 1564 χεῖρας,
1317 1527 1417 1564 ηγον
1437 1524 1559 1552 ουτω’

140 1568 185 1608 αἰ
207 1569 333 1630 χεῖρες
356 1566 398 1607 δὲ
430 1568 555 1608 κεῖναι
583 1568 846 1620 ἐμπεφυκυῖαι
871 1568 963 1608 ἕσαν
990 1569 1091 1608 τοῖσι
1122 1568 1413 1617 ἐπισπαστηρσι.
1478 1566 1562 1603 Hic

139 1635 239 1663 vero
259 1620 302 1659 in
325 1635 399 1660 suo
421 1621 578 1662 Codice
604 1631 644 1661 et
674 1625 811 1660 locum
842 1636 863 1660 e
898 1623 1165 1675 ‚Xenophonte
1181 1622 1488 1690 ῌ.8ιερ1ιαηιιε
1509 1619 1561 1659 ad

140 1689 251 1717 oram
274 1675 517 1743 adscripsit:
559 1678 744 1727 Xenoph.
770 1675 929 1728 Ἕλλην.
959 1679 1031 1717 Vl.
1065 1675 1308 1719 ἐπισπάσασα
1325 1677 1397 1729 τὴν
1417 1676 1563 1729 θύραν,

124 1733 256 1785 ἐἴχετο
276 1735 347 1773 τοῦ
362 1729 561 1784 ῥοπάλου·
592 1733 665 1771 ubi
687 1732 800 1771 vides
819 1742 858 1772 et
879 1730 1052 1784 ῥόπαλον
1073 1733 1228 1771 dictum
1250 1732 1355 1771 illud
1378 1731 1560 1786 ῤ’όπτρον

137 1787 282 1828 Locus
301 1797 362 1826 est
384 1786 432 1826 de
461 1788 694 1827 Alexandri
724 1788 1015 1827 Thessalorum
1047 1789 1216 1839 tyranni
1238 1803 1369 1828 uxore
1396 1789 1561 1826 ianuam

127 1841 396 1893 ''cominentffi
416 1842 548 1883 donec
562 1844 732 1882 maritus
747 1858 768 1882 a
783 1843 980 1881 fratribus
1005 1845 1091 1882 suis
1111 1843 1562 1885 interficeretur.1uuo.

248 1899 346 1950 φησὶ
366 1898 407 1939 δὲ
423 1909 501 1937 etc.
513 1899 531 1951 ]
571 1899 611 1936 L
616 1898 852 1965 ocupletius
883 1913 905 1937 e
929 1900 1049 1938 MSS.
1071 1901 1170 1950 φησὶ
1190 1904 1287 1954 γοῦν
1315 1901 1355 1940 ἐν
1373 1904 1429 1955 τῷ
1448 1914 1480 1945 ς.
1503 1902 1563 1952 βι-

127 1955 249 2008 βλίῳ.
307 1955 363 1992 Et
391 1968 489 1992 mox
535 1954 762 1993 delevimus
793 1950 932 2008 α’πρὶξ,
975 1955 1087 2008 quod
1116 1956 1158 1992 in
1189 1955 1316 1993 nullis
1345 1956 1563 2007 conspici-

139 2018 226 2057 tur,
264 2017 307 2047 et
331 2007 366 2046 si
398 2023 539 2047 verum
565 2010 623 2048 sit
657 2008 860 2048 adducere
893 2010 1090 2062 quaedam
1116 2024 1166 2049 ex
1188 2010 1395 2049 Herodoto
1412 2011 1564 2048 Gram-

138 2062 333 2111 maticos,
376 2077 479 2115 quae
499 2065 617 2104 aliter
638 2064 718 2102 iam
737 2078 850 2103 uuuc
874 2065 918 2103 in
949 2080 999 2105 eo
1023 2068 1231 2118 leguntur,
1269 2079 1353 2103 non
1378 2064 1476 2103 inde
1497 2074 1564 2103 ta-

140 2131 233 2157 men
258 2118 338 2157 hoc
361 2120 458 2157 loco
490 2120 735 2170 particulam
765 2119 883 2159 istam
911 2120 1166 2159 communire
1193 2121 1365 2173 poteris,
1397 2120 1564 2172 praeci-

132 2186 223 2225 pue
242 2187 332 2212 cum
351 2173 534 2225 spuriam
556 2189 607 2214 ex
626 2173 774 2216 MSSJ
763 2175 1037 2217 inveniamus
1067 2175 1117 2214 ad
1133 2175 1420 2228 Cynosarges'
1408 2183 1563 2226 itaque.

139 2227 237 2267 Non
258 2241 321 2266 me
339 2231 444 2267 latet
464 2238 615 2277 tamen,
647 2229 758 2269 unde
777 2230 858 2269 hoc
876 2231 1111 2283 arripuerit,
1139 2231 1377 2284 quicunque
1399 2230 1440 2267 in
1464 2232 1563 2268 Pol-

142 2283 267 2321 lucem
284 2283 441 2322 intulit.
482 2298 537 2322 ex
556 2285 690 2323 Suida
712 2295 844 2332 certe,
886 2286 1003 2324 cuius
1028 2285 1128 2323 haec
1148 2295 1246 2323 sunt
1266 2284 1412 2324 verba:
1441 2282 1565 2326 'Em-

145 2336 398 2391 σπαστήρων,
438 2355 514 2380 των
538 2357 606 2392 της
625 2340 756 2392 θύρας
775 2340 1055 2393 κρατημᾶτων·
1088 2344 1222 2392 (quae
1239 2342 1362 2391 plane
1387 2354 1472 2378 non
1491 2342 1564 2379 in-

132 2393 303 2432 't'ellexit
322 2395 483 2440 Portus,
515 2409 608 2433 cum
629 2394 680 2433 de
699 2395 938 2434 cardinibus
959 2396 1179 2460 intelligit)
1198 2392 1322 2462 εὖρών
1334 2398 1564 2478 προσκειμέ-

143 2461 216 2494 νας
237 2446 306 2495 τὰς
331 2445 483 2503 θυρας,
521 2467 585 2491 και
615 2449 830 2504 λαβόμενος
859 2455 938 2492 τῶν
967 2448 1262 2502 ἐπισπαστήρων
1287 2446 1404 2502 ἆπρὶξ
1431 2454 1562 2505 εἴχετο,

143 2506 334 2565 καρτεροῖς
353 2519 393 2544 τε
414 2506 480 2545 καὶ
499 2506 714 2559 ἐγκρατῶς·
745 2506 894 2559 quibus
921 2507 990 2544 ille
1009 2505 1108 2556 quin
1133 2506 1331 2543 Herodoti
1350 2509 1485 2544 locum
1500 2522 1562 2546 re-

145 2555 308 2607 spiciat,
336 2571 454 2598 nemo
475 2559 696 2605 dubitabit.
734 2561 805 2602 sed
825 2564 951 2615 longe
975 2559 1170 2615 quidem
1158 2575 1202 2599 m
1223 2560 1287 2600 his
1307 2562 1562 2615 locupletior
