1690 2996
712 109 765 152 X.
823 113 889 153 98.
1399 109 1509 151 -1605

87 222 245 270 madro
277 216 547 279 ταγηνισμοΰς
574 223 643 262 vel
669 220 749 264 ᾰπό
777 221 848 264 τοῦ
874 221 1093 275 τηγανίζειν
1124 215 1391 274 τηγανισμοιῖς
1416 218 1511 257 for-

89 293 197 320 mare
225 279 352 328 velit,
382 293 487 333 quae
512 279 654 330 culpa,
687 276 842 332 quidve
870 290 1017 317 causae
1044 275 1300 328 prohibeat?
1336 275 1439 316 adeo
1464 282 1513 312 ut

89 349 172 376 non
188 334 290 375 eatis
305 333 486 375 validam
506 333 710 373 rationem
730 332 923 372 babuisse
934 331 1080 372 Pollux
1095 331 1300 379 videatur,
1315 331 1368 371 ob
1389 344 1512 384 quam

87 391 226 432 minus
254 390 338 445 ipsi
368 389 599 444 probentur
633 388 857 428 Menandri
886 389 1132 442 τηγανισμοΙ.
1204 388 1418 427 Praeterea
1445 383 1513 436 „2¹-

87 463 207 500 γανον
225 461 311 486 nou
336 455 497 486 tantum
524 445 772 500 sartaginem
803 443 1045 494 denotavit,
1075 443 1144 483 sed
1162 444 1287 484 etiam
1311 442 1511 496 patinam,

90 504 135 543 in
159 516 240 556 qun
264 501 350 543 cibi
376 503 513 541 solent
542 500 723 553 apponi,
751 497 922 542 λοπάδα·
952 513 998 538 ea
1019 512 1118 538 vero
1137 499 1259 539 notio
1287 513 1309 538 a
1333 497 1513 536 dialecto

91 568 241 610 tractu
261 558 330 598 *tic
362 556 471 597 enim
499 570 720 610 usurpasse
760 554 1032 609 perhibentur
1061 555 1299 607 Syracusii‚
1340 568 1416 592 nec
1449 551 1515 591 illi

92 622 274 664 tantum,
303 613 530 665 utiputo,
562 611 634 652 sed
666 621 708 651 et
730 614 862 651 Dores
890 620 932 650 et
949 611 1085 650 Iones.
1123 609 1174 650 de
1196 612 1426 659 Syracusia's
1451 617 1518 648 te-

92 669 169 710 stie
190 678 254 710 est
270 683 327 710 ex
348 669 570 718 Athenaeo,
601 667 718 707 cuius
739 667 784 705 in
805 665 930 706 editis
952 665 1050 706 libr.
1074 667 1146 707 VI.
1177 681 1210 705 c.
1234 665 1272 707 5.
1301 668 1419 704 locus
1443 664 1516 703 ille

92 734 228 775 extat,
265 725 514 765 Eustochiae
544 721 596 763 ad
636 722 779 775 Odyse.
810 728 856 764 T.
914 718 1182 774 Συρακούσιοι
1206 724 1274 773 δὲ,
1303 721 1358 769 αἶς
1392 720 1517 772 ᾳησὶν

92 780 336 832 Ἀθηναῖος,
362 779 431 829 τήν
459 781 530 832 μὶν
560 773 715 821 λοπάδα
737 774 902 833 τήγανον
926 775 1113 821 καλοῦσι·
1153 777 1198 820 to=
1224 781 1267 820 δὲ
1287 778 1426 825 κοινῶς
1446 773 1520 824 tvi·

93 853 233 890 γανον,
264 834 540 891 ξηροτὴγανον.
578 833 678 875 inde
695 845 782 886 est,
811 833 924 887 quod
941 835 1174 887 Hesychius
1191 842 1397 887 exponat:
1427 838 1514 874 Ao-

93 891 199 945 παῖς,
225 891 415 945 τήγανον·
453 887 631 939 λοπάδας
657 890 850 943 profecto
883 903 967 928 non
996 889 1249 930 adhibebant
1274 889 1323 928 ad
1355 889 1520 927 frixen-

96 947 215 997 dum,
244 947 316 988 sed
343 945 395 986 ad
425 946 541 986 cibos
570 943 811 996 coquendos
838 954 879 984 et
907 945 1180 998 apponendos
1212 946 1255 984 in
1285 958 1438 989 mensa,
1468 942 1520 982 de

96 1003 284 1043 Doribus
313 1012 448 1042 autem
477 1011 519 1041 et
538 1000 713 1040 Ionibus
740 1014 792 1039 ex
822 1000 914 1039 istis
934 1002 1208 1040 Anacreontis
1242 1002 1368 1039 facile
1396 998 1523 1040 colli-

99 1060 236 1114 gitur:
256 1061 367 1112 χεῖρα
383 1075 403 1098 τ
433 1075 475 1101 εν
495 1073 624 1111 ηγανῳ
645 1057 791 1110 βαλεῖν,
803 1070 971 1096 manum
990 1059 1160 1095 inserere
1176 1059 1355 1107 patinae.
1389 1054 1522 1094 Prod.

98 1114 152 1153 iit
180 1113 280 1154 hinc
317 1113 477 1154 demum
501 1112 670 1152 verbum
693 1110 990 1166 ἀποτηγανίζειν
1012 1126 1033 1151 a
1058 1113 1253 1163 comicie,
1284 1121 1331 1150 ut
1361 1111 1519 1161 iudico,

100 1168 346 1222 confictum,
376 1169 497 1208 cuius
528 1168 649 1207 notio
677 1180 728 1207 ex
750 1168 814 1206 his
841 1169 1069 1217 Phrynicho·
1087 1181 1172 1206 non
1198 1182 1347 1222 magno
1378 1167 1521 1207 labore

98 1224 335 1264 invenitur=
381 1222 457 1274 ἡδύ
493 1222 535 1266 δ’
558 1216 853 1277 οἷποτηγανίζειν
884 1218 981 1266 ἄνευ
1008 1221 1231 1276 συμβολῶν.
1293 1224 1331 1262 A
1362 1223 1521 1262 Dorica

98 1294 198 1321 vero
217 1294 322 1320 voce
341 1280 487 1334 ἤγανον
513 1280 690 1318 formata
717 1290 816 1318 sunt
832 1278 1030 1332 Ἠγανιά,
1056 1280 1239 1332 πέμματα
1261 1275 1308 1320 ια’
1335 1277 1419 1321 dno*
1448 1297 1523 1329 τη-

95 1331 231 1391 γιίνου,
255 1349 359 1391 quae
378 1335 423 1374 in·
440 1334 639 1387 Hesychio
657 1336 776 1389 legog
804 1335 885 1374 nisi
907 1336 1068 1374 fortean
1091 1335 1261 1375 mavelis
1282 1331 1444 1388 η’γᾰνια,
1476 1344 1526 1374 ut

99 1390 212 1446 apud
243 1391 419 1431 eundem
452 1388 636 1444 rnya'moe,
678 1388 791 1443 quod
819 1389 928 1430 vide.
967 1405 1051 1430 rem
1081 1390 1140 1429 ibi
1163 1401 1205 1431 et
1234 1405 1377 1431 vocem
1409 1390 1523 1430 docti

99 1446 181 1487 viri
205 1447 348 1487 multis
380 1446 514 1486 modis
548 1446 843 1498 obscurarunt,
893 1445 1006 1500 quod
1032 1448 1145 1500 ipsos
1173 1447 1334 1502 fugeret
1365 1446 1525 1485 Dorica

104 1502 219 1542 vocis
238 1502 385 1545 forma.
409 1501 479 1543 sed
500 1501 564 1541 illi
582 1511 717 1542 tamen
737 1503 926 1554 pessime,
957 1502 1030 1555 qui
1047 1500 1222 1556 πηγάνου
1242 1502 1525 1556 reponendum

103 1567 350 1599 censuerunt
381 1571 456 1610 pro
485 1554 664 1610 τηγάνου.
723 1557 775 1609 [A
802 1572 891 1596 mea
919 1557 1085 1612 quidem
1117 1558 1407 1599 emendatione
1439 1573 1525 1598 non

105 1611 266 1654 recedo.
306 1611 376 1653 sed
408 1610 719 1662 difficultatem,
759 1627 878 1667 quam
907 1612 1011 1652 mihi
1050 1615 1160 1654 forte
1184 1615 1278 1668 quis
1308 1616 1526 1658 obiiceret.

106 1666 337 1720 expediam.
366 1668 527 1708 scilicet
550 1668 593 1707 in
617 1669 784 1722 vulgata
811 1668 996 1708 lectione
1020 1669 1204 1723 integros
1227 1672 1378 1709 senarii
1404 1669 1528 1722 pedes

107 1733 295 1762 constare
319 1737 529 1763 nonnemo
564 1722 670 1762 mihi
709 1733 917 1776 opponet,
961 1725 1032 1778 qui
1062 1733 1196 1764 tamen
1225 1726 1410 1780 legitime
1442 1739 1527 1765 non

107 1787 342 1828 serventur,
371 1778 408 1818 si
436 1793 523 1819 mea
552 1779 606 1818 sit
631 1780 880 1818 emaculatio
910 1779 1133 1832 sequenda.
1172 1780 1242 1820 sed
1266 1795 1447 1835 quaeso,
1479 1794 1530 1820 ne

108 1831 210 1887 quid
227 1833 418 1875 calidiori
438 1833 600 1876 iudicio
623 1843 840 1876 statuatur.
874 1835 932 1873 ita
957 1835 992 1874 si
1023 1835 1265 1891 digesseris,
1297 1836 1432 1876 nodus
1459 1837 1531 1876 hic

107 1889 186 1928 erit
214 1891 399 1939 solutus:
427 1912 483 1922 —
508 1886 561 1934 τοὶ
585 1892 628 1932 δὲ
654 1888 802 1944 τήγανα
826 1892 993 1940 Σίζοντα
1017 1909 1080 1936 σοι
1109 1890 1319 1947 μολύνεται
1342 1916 1410 1932 -.
1466 1895 1533 1933 Ex

108 1944 368 1998 Addendia]

217 2023 411 2063 Occurrit
459 2025 735 2078 fragmentum
774 2024 997 2066 Teleclidis
1037 2026 1149 2080 apud
1193 2027 1341 2068 Thom.
1394 2029 1457 2070 M.
1496 2044 1533 2068 v.

110 2080 351 2134 περίστασις.
409 2082 547 2119 Tonr.

218 2143 452 2199 ὖπόφαυλον
470 2147 528 2199 δὲ]
559 2145 608 2188 C.
638 2145 689 2186 V.
717 2145 946 2199 ὑπόφαυλοι
962 2147 1037 2206 γοῖρ
1055 2155 1094 2193 οἱ
1123 2160 1203 2196 etc.
1239 2151 1403 2190 sordent
1435 2166 1538 2204 quo-

113 2201 322 2241 dammodo
341 2211 420 2242 etc.
453 2204 701 2255 τηγανισμοί.
760 2205 934 2246 Kussmt.

221 2263 456 2321 ὕπᾶφοιυλον
481 2269 553 2321 δὲ]
594 2269 683 2311 MS.
710 2268 936 2323 ύπόφαυλοι
966 2269 1043 2324 γοῖρ
1070 2276 1109 2314 οἱ
1134 2274 1178 2314 ἐν
1205 2282 1283 2313 etc.
1311 2267 1541 2326 v‘no'qavtoa

117 2337 236 2371 vero,
271 2338 416 2376 nempe
445 2327 691 2379 τηγανισμοί.
749 2327 819 2366 Sic
848 2327 957 2365 enim
993 2326 1142 2365 Noster
1171 2327 1306 2367 libens
1335 2330 1540 2382 loquitur,

118 2386 160 2416 et
181 2379 340 2432 aliquot
369 2383 562 2433 exempla
586 2380 807 2429 habuimus
838 2383 879 2421 in
900 2383 992 2422 MS.
1024 2382 1122 2421 libri
1144 2383 1434 2435 praecedentis
1450 2400 1539 2438 cap.

121 2435 194 2526 {¹3⁰
225 2444 272 2473 ut
299 2429 376 2486 IX,
415 2434 501 2476 158.
531 2434 719 2491 τραγικός
750 2440 792 2479 δὲ
824 2438 848 2479 ὁ
879 2437 989 2491 παρά
1006 2442 1203 2490 Σοφοκλεῖ
1228 2438 1414 2488 διωκτός·
1445 2443 1540 2481 alia.

179 2500 342 2532 nonum.

235 2559 550 2614 Uortumnum]
591 2559 637 2600 C.
663 2559 713 2598 V.
755 2558 886 2608 addit,
917 2561 1067 2602 καίτοι
1089 2559 1180 2613 ’τόγιι
1208 2562 1338 2617 δρᾶμα
1359 2564 1546 2616 ’Aptero-
