1690 2996
690 127 745 167 x.
803 128 875 177 75„
1380 125 1483 167 1⁵21

65 239 216 285 clarius
234 238 542 295 ingeniosiores
563 246 606 278 et
626 237 871 291 peritiores:
898 236 1001 277 mihi
1019 236 1119 278 satis
1138 236 1232 276 MS.
1260 233 1486 275 lectionem

66 297 349 339 constituisse.
409 295 644 333 Salmasius
663 304 804 333 noster
826 296 993 348 vulgata
1015 292 1231 333 scribenda
1249 291 1388 332 aiebat
1406 292 1488 330 ita:

64 376 124 387 —
141 354 278 405 οἵσπερ
293 351 339 396 ἔκ
355 352 586 405 τρυγοιπίου
604 346 771 398 σάκκος·
796 357 870 396 est,
908 349 980 399 ait,
1011 349 1257 388 dimidiatus
1278 362 1416 387 versus
1430 363 1489 400 χο·

66 407 290 465 (sufflando.
319 408 546 460 τρυγοίπιον
567 402 871 458 ὕποκοριστικόν
901 419 928 442 a
947 403 1166 459 τρύγοιπος.
1226 404 1336 443 Sane
1355 405 1491 442 omni-

66 477 121 504 no
139 477 294 517 neusse
312 472 372 502 est
383 462 481 511 fieri
503 464 741 499 mentionem
767 469 844 499 aue
870 463 1108 513 τρυγοίπου,
1146 468 1221 498 aut
1250 462 1492 514 τρυγοιπίου,

66 522 115 559 in
138 519 273 559 verbis
303 518 595 570 Hipponactis.
649 516 737 555 Iam
768 516 911 569 itaque
942 516 1122 555 amieiss.
1154 515 1320 556 iuvenis
1352 515 1492 556 conie-

66 585 185 616 etur·
214 584 257 614 et
278 573 367 614 MS.
388 572 569 613 lectione
586 570 753 611 adiutus
774 571 831 610 ita
855 571 1058 612 emendo:

179 625 381 680 στάζουσιν
401 628 535 680 ὥσπερ
557 629 600 678 ἐς
625 629 851 683 τρυγοίπιον
869 625 1000 675 σάκος.
1031 628 1158 667 Iuno.

177 683 382 738 Ἱππῶναξ
409 683 458 725 δέ
476 700 599 735 φησιν
629 683 733 735 etc.]
777 682 874 736 Ipsa
894 682 1070 722 Iambici
1100 687 1249 736 poetae
1277 682 1401 723 verim
1431 682 1493 722 sie

72 751 191 782 erant
210 743 254 780 in
278 739 482 795 vulgatis:
513 739 645 792 ὥσπερ
665 740 904 791 ἕκτροποιΐον
931 733 1096 788 σάκκος,
1132 739 1176 777 in
1207 738 1357 792 quibus
1385 738 1495 777 nihil

75 797 185 837 inest
206 797 332 845 boni;
361 808 495 850 neque
516 794 626 849 quod
656 793 754 834 inde
783 793 956 834 conficit
974 796 1217 844 Salmasius,
1249 793 1298 832 ed
1327 808 1495 833 sensum

76 861 140 893 est
159 850 433 892 commodum.
476 850 740 903 opitulantur
760 848 927 903 quidem
939 850 1059 890 MSS.
1077 864 1210 904 neque
1227 860 1496 889 contemnen-

75 907 172 947 dam
196 907 268 947 hie
287 907 462 946 Polluci
478 914 689 959 praestant
707 918 897 959 operam:
928 915 1107 946 attamen
1130 915 1193 945 est
1212 914 1253 944 et
1282 907 1327 944 in
1347 906 1496 945 horum

76 963 274 1012 lectione,
307 960 420 1016 quod
438 960 599 1016 ingenii
621 961 819 1013 impetum
839 970 1067 1000 remoretur
1084 970 1126 1001 et
1143 961 1357 1014 impediat.
1397 960 1498 1015 quid

79 1018 205 1069 enim,
244 1016 360 1066 cedo,
389 1015 620 1070 ἔστροπήϊον
645 1018 781 1067 σάκος,
812 1015 878 1054 uti
909 1016 952 1054 in
976 1015 1134 1056 Codice
1155 1018 1360 1056 Palatino
1389 1020 1500 1069 lege·

79 1073 218 1126 batur,
245 1072 434 1142 quamvis
466 1071 693 1111 Vossianus
720 1070 869 1110 divisis
898 1070 1095 1119 vocibus,
1133 1081 1176 1111 et
1204 1072 1315 1112 forte
1342 1073 1498 1111 rectius

80 1131 122 1176 ἐς
139 1137 330 1184 προπηϊον
352 1140 449 1180 prae
468 1140 512 1166 se
540 1127 648 1166 ferat
662 1126 683 1166 ⁴?
716 1136 757 1166 et
788 1125 978 1179 equidem
1004 1127 1355 1179 lunga-mannum
1374 1127 1502 1166 miror

82 1184 127 1223 in
146 1183 369 1238 posteriori
391 1182 477 1222 loci
495 1181 622 1221 huius
644 1181 948 1230 emendatione,
983 1197 1104 1235 quam
1139 1197 1161 1222 e
1185 1183 1320 1221 literis
1340 1184 1501 1221 Salma-

80 1242 146 1278 sis*-
157 1238 443 1289 concinnavit,
473 1237 762 1290 comprobasse
781 1241 1017 1290 rpvyoa'mov,
1048 1237 1160 1292 quod
1184 1251 1407 1292 sanequam
1428 1238 1502 1277 mi·

82 1294 129 1334 hi
151 1295 239 1334 non
263 1296 423 1348 placet:
454 1292 556 1345 quid
574 1293 682 1333 euim
704 1293 747 1331 in
768 1293 859 1332 istis
873 1293 1146 1346 Hipponactis
1158 1295 1381 1347 τρυγοίπιον
1394 1304 1503 1348 agat,

83 1358 156 1390 aut
193 1362 275 1403 qua
310 1348 354 1388 vi
393 1362 415 1388 e
441 1347 567 1391 MSS.
603 1347 788 1387 lectione
826 1348 1029 1388 eruatur?
1071 1358 1358 1402 praeterquam
1390 1348 1504 1402 quod

84 1413 244 1445 evertat
270 1404 542 1453 sententiam,
581 1413 628 1443 ut
666 1402 779 1443 dixi:
817 1405 972 1443 Pollux
1008 1404 1121 1458 quod
1156 1405 1271 1457 prius
1300 1405 1503 1458 appellari

83 1457 292 1515 τρόγοοπον
313 1468 521 1513 posuerat,
553 1469 641 1498 tum
672 1456 839 1506 σάκκον,
883 1460 1009 1499 etiam
1049 1455 1240 1513 ὖλισιῆρα
1267 1460 1351 1499 dici
1383 1459 1504 1499 adfir-

83 1525 191 1566 mat5
220 1525 475 1570 quapropter
491 1514 752 1554 solummodo
774 1515 817 1553 in
841 1514 976 1555 verbis
991 1515 1266 1566 Hipponactis
1287 1516 1506 1555 memorari

86 1567 234 1615 σάκκον
252 1570 342 1610 sine
358 1573 581 1625 τρυγοίπου,
612 1573 678 1609 vel
700 1573 926 1623 τρυγοιπιόυ
946 1570 1086 1609 addita
1107 1572 1318 1611 mentione
1338 1585 1506 1625 prorsus

86 1627 221 1667 habeo
243 1639 495 1680 persuasum,
525 1626 568 1664 in
589 1640 668 1682 qua
688 1640 750 1666 me
773 1626 974 1679 opinione
1002 1626 1248 1666 confirmant
1279 1628 1404 1668 MSS.
1433 1627 1507 1681 qui

92 1684 138 1722 in
169 1681 250 1721 alia
285 1682 424 1721 omnia
446 1682 611 1722 abeunt.
663 1681 773 1721 forte
801 1695 899 1721 vero
930 1682 1071 1721 veniat
1103 1683 1146 1720 in
1170 1692 1346 1721 mentem
1368 1684 1509 1732 alicui,

91 1737 278 1778 voluisse
299 1738 508 1776 Pollucem
526 1736 701 1776 Iambici
721 1742 871 1791 poetae
886 1736 1021 1776 verbis
1046 1736 1264 1777 ostendere
1284 1749 1324 1777 et
1347 1738 1389 1777 in
1410 1753 1509 1778 neu·

93 1802 157 1832 tro
177 1806 326 1847 genere
350 1792 396 1836 ro*
410 1789 566 1844 σάκκος,
597 1795 665 1831 vel
682 1792 802 1841 σάκος
814 1793 942 1831 fuisse
963 1803 1218 1844 usurpatum,
1247 1793 1510 1846 praedixerat

93 1849 202 1889 enim
225 1849 290 1890 καὶ
313 1846 336 1890 o‘
353 1846 522 1898 σάκκος·
551 1848 719 1901 scripsit
748 1858 883 1887 autem
904 1849 1132 1899 Hipponax
1149 1849 1295 1888 Ionica
1314 1849 1507 1896 dialecto,

95 1917 202 1957 quae
226 1905 390 1956 saepius
409 1906 452 1943 in
475 1914 667 1943 neutrum
691 1918 820 1958 genus
842 1913 950 1942 amat
970 1914 1220 1944 commutare
1244 1919 1380 1954 voces,
1411 1906 1511 1959 qui-

92 1959 172 1998 bus
190 1963 372 1999 masculo
392 1974 540 2015 genere
559 1959 693 1998 Attici
713 1969 812 1998 sunt
836 1958 912 1997 usi.
932 1959 994 1997 sic
1018 1958 1184 2011 quidem
1204 1959 1227 2002 ὅ
1245 1958 1386 2009 σκότος
1405 1973 1446 2002 et
1463 1958 1512 2003 ιδ

95 2011 238 2065 σκότος
255 2015 475 2067 Euripides
501 2015 544 2053 in
565 2015 690 2054 initio
711 2014 927 2055 Hecubae:
959 2011 1100 2056 σκότου
1117 2013 1242 2064 πύλας
1266 2017 1408 2058 λιπών·
1438 2017 1513 2057 ubi

97 2070 407 2110 Commentator
427 2070 626 2124 antiquus
647 2071 855 2114 observat:
883 2067 1078 2124 γράᾳεται
1099 2072 1166 2115 καὶ
1195 2071 1243 2114 τό
1272 2072 1411 2120 σκότος
1436 2069 1515 2114 ου’-

96 2127 279 2179 δετέροις,
309 2129 376 2167 καῖ
393 2126 415 2167 o‘
433 2119 582 2174 σκότος,
613 2129 680 2168 καὶ
697 2126 750 2179 τῷ
763 2127 837 2179 μὲν
856 2125 1048 2180 οὐδετέρῳ
1067 2128 1243 2180 χρῶνται
1262 2131 1336 2180 μὲν
1362 2135 1400 2172 οἱ
1429 2145 1515 2170 κοι-

98 2183 174 2230 νοὶ,
202 2184 257 2236 τῷ
279 2180 322 2223 δ’
341 2178 534 2236 α’ρσενικῷ
549 2186 586 2223 οἱ
605 2177 803 2224 Ἀιτικοί·
840 2182 1026 2235 alibique
1051 2196 1172 2234 saepe
1211 2184 1270 2221 sic
1300 2183 1409 2235 apud
1437 2186 1514 2223 Eu·

100 2237 289 2290 ripidem:
323 2237 488 2276 monuit
505 2237 625 2276 etiam
647 2252 692 2277 ea
720 2237 770 2276 de
799 2252 842 2277 re
870 2238 1052 2278 Thomas.
1091 2252 1224 2291 neque
1254 2239 1439 2290 pluribus
1467 2241 1513 2279 in

98 2290 193 2342 hoe,
224 2292 335 2346 quod
357 2305 533 2346 possem,
558 2293 757 2346 exemplis
775 2303 880 2332 utar.
918 2292 998 2332 hoc
1014 2304 1148 2332 autem
1169 2303 1293 2345 pacto
1319 2294 1369 2332 ad
1398 2292 1517 2345 σάκος·

99 2347 327 2400 vpertinebit
343 2348 541 2402 τροπήϊον,
559 2351 625 2388 vel
635 2348 864 2402 ἔστροπήϊον
877 2362 886 2371 ·
920 2349 1062 2400 itaque
1076 2346 1161 2386 dici
1182 2349 1320 2400 potuit
1336 2350 1516 2404 ὕλιστήρ,

102 2414 174 2440 neu
195 2416 334 2442 saccus
362 2405 600 2455 colatorius,
643 2404 755 2457 quod
788 2405 931 2442 vinum
959 2403 1166 2456 liquidum
1197 2413 1237 2442 et
1262 2405 1515 2457 pellucidum

105 2455 291 2498 redderet
314 2473 336 2498 e
363 2458 559 2508 turbido,
602 2460 770 2499 semotis
807 2459 1012 2504 faecibus,
1054 2455 1136 2499 a'rro‘
1167 2460 1239 2500 τοῦ
1267 2462 1420 2514 τρέπειν
1449 2466 1517 2502 vel

108 2512 307 2563 ε’στρέπειν
325 2514 489 2554 Ionico.
518 2513 622 2553 illud
643 2524 778 2553 autem
806 2517 844 2562 ἐς
863 2518 929 2552 vel
949 2513 1158 2562 sig-,verbis
1189 2515 1414 2567 aliquando
1439 2518 1517 2556 ad-

109 2565 228 2619 iungi
254 2570 358 2607 solet
382 2569 593 2623 augendae
623 2569 946 2623 significationis
979 2582 1091 2622 ergo.
1137 2570 1172 2608 si
1210 2572 1300 2623 quis
1325 2572 1370 2611 in
1403 2574 1516 2613 illam
