1690 2996
162 154 269 195 1174
754 153 837 193 lx.
891 158 982 198 113.

160 277 258 302 cum
277 262 613 303 communicavit.
643 263 704 302 sic
718 264 826 303 enim
841 265 913 305 ille
926 264 975 305 ad
986 280 1048 307 me
1062 265 1111 306 de
1123 267 1188 306 his
1209 267 1579 324 Onomasticogra-

162 318 239 373 phi
253 319 410 359 verbis.
435 319 521 370 Ego
534 321 664 358 locum
675 321 794 359 illum
808 321 884 368 IX.
902 321 987 363 115.
1001 325 1047 360 in
1056 337 1160 361 nova
1169 323 1579 391 haceditionefett‘oi-

164 383 223 412 ter
239 377 473 413 restitutum
488 375 640 426 iudico,
669 379 882 428 omniaque
897 379 940 416 in
954 379 1028 416 illo
1045 379 1176 430 plana
1197 394 1297 427 esse,
1330 382 1371 418 ei
1393 388 1494 420 nete
1509 395 1578 419 ca—

156 433 348 499 piantur,
379 431 467 468 volo
481 431 694 471 ostendere.
743 440 907 470 tantum
933 437 1152 486 σαφηνείας
1175 438 1320 487 gratia
1346 437 1408 473 ita
1428 435 1578 474 dietin-

158 500 262 539 guo:
315 482 377 527 ‘H
389 487 429 528 δὲ
448 489 593 537 μυῖνδα
616 486 705 539 ἤτοι
721 486 928 558 καταμύων
945 506 1002 538 τις
1030 488 1230 532 Φυλάττου
1251 493 1342 557 βοᾷ,
1371 488 1472 533 καὶ
1459 507 1507 533 ον
1525 508 1576 533 αν

158 546 238 583 τῶν
251 538 560 597 ὑποφευγόντων
582 543 692 612 λάβῃ,
719 541 854 586 αυτίκα
872 541 1169 598 αντικαταμύειν
1180 532 1421 616 ἀναγκάζει,
1447 544 1478 600 ἢ
1528 545 1576 588 ὐ-

160 611 301 647 σαντος
318 599 569 667 κρυφθέντας
587 597 782 668 οἷνερευνᾷ
791 630 803 650 ,
831 601 938 654 μέχρι
956 601 1141 656 φωράσῃ·
1170 599 1199 654 ἢ
1220 604 1285 644 καὶ
1313 601 1437 654 μύσας
1457 619 1504 644 ου
1523 619 1575 644 αν

159 671 217 704 τις
240 653 514 724 προσάψηται,
541 651 569 708 ἢ
599 654 668 698 ἐαν
695 672 752 704 τις
784 659 1014 714 προσδείξῃ.
1045 656 1334 711 μαντευόμενος
1353 659 1465 712 λέγει,
1495 655 1574 700 ἔστ’

158 727 211 751 αν
228 709 333 763 τύχη.
392 710 514 749 Hem·
535 725 605 763 ego
626 715 689 750 ita
711 715 872 763 accipio
890 721 931 750 et
945 716 1211 764 interpretor.
1227 714 1404 766 Myinda
1422 713 1574 769 (coeci-

159 767 340 814 ludium)
360 780 449 804 vero
470 767 564 817 (eet,
595 770 641 805 in
658 771 760 819 qua)
788 777 864 805 aut
887 770 1024 806 oculos
1045 772 1137 821 quis
1155 770 1350 808 claudens
1370 769 1478 808 C'ave
1489 771 1574 808 cla·

158 832 258 870 mat,
274 835 434 876 quemve
444 822 982 875 fugientiumprehenderit.
996 827 1061 862 sui
1080 826 1167 862 loco
1187 824 1403 876 confestim
1419 827 1575 876 clausio

154 891 240 916 eoae
258 879 386 916 oculis
404 881 538 930 cogit,
528 893 539 903 ·
564 887 640 916 aut
659 893 738 925 eos,
752 880 824 930 qui
832 893 924 928 sese,
944 879 1038 916 dum
1057 881 1142 930 ipse
1158 881 1292 918 visum
1309 879 1390 919 sibi
1399 880 1574 919 obstrue·

154 934 243 985 bat,
272 934 529 972 commodum
555 935 876 982 occultaverant,
905 934 1063 972 tamdiu
1082 937 1336 986 invenlt’gat,
1348 935 1492 988 quoad
1507 936 1575 975 de-

152 989 432 1041 prehenderit3
472 996 548 1027 aut
571 991 706 1028 visum
742 989 827 1026 siba
861 991 954 1040 quic
988 989 1216 1036 obstruens,
1248 1004 1362 1042 quem
1379 994 1573 1045 tetigerit,

155 1047 242 1083 sive
257 1047 382 1082 etiam
401 1045 587 1083 ariolum
608 1044 738 1095 digito
756 1048 1056 1095 monstraverit,
1087 1045 1247 1085 indicat
1270 1047 1489 1099 (nominat)
1507 1060 1572 1085 ue-

157 1116 234 1154 que
265 1100 360 1138 dum
388 1102 433 1138 in
460 1114 549 1138 eum
579 1100 766 1148 incidat,
804 1098 920 1154 (eum
948 1103 1167 1148 coniiciat)
1197 1099 1450 1140 nominando
1482 1103 1572 1143 wit.

155 1158 277 1195 illum
297 1159 454 1207 ipsum,
484 1170 600 1208 quem
618 1159 839 1209 tetigerat,
869 1158 934 1195 vel
950 1157 1080 1210 digito
1104 1164 1419 1196 monstraverat.
1476 1159 1572 1196 Non

155 1215 300 1279 inepte
306 1221 439 1250 tamen
453 1213 590 1264 legas:
619 1213 870 1266 κρυφθέντας
888 1209 938 1252 οἳν
959 1213 1110 1268 ἐρευνᾷ.
1166 1214 1422 1265 Degem‘tivo
1445 1213 1568 1255 absol.

150 1271 237 1308 sine
253 1263 373 1309 αὐτοῦ
393 1267 478 1308 vid.
499 1281 622 1319 eegm.
648 1281 736 1318 1¹7·
762 1265 853 1310 1ιὸ.
909 1269 975 1306 Ex
994 1254 1249 1320 Αᾱιίειιᾰίε.]

206 1347 208 1349 -
263 1321 493 1374 φυλάττεται
512 1323 646 1377 βοῶν]
676 1323 757 1362 Pro
780 1320 1009 1375 φυλάττεται
1026 1327 1136 1378 βοων
1164 1323 1211 1365 C.
1231 1323 1284 1364 A.
1304 1325 1420 1377 βοέν.
1450 1322 1499 1363 C.
1520 1323 1570 1365 V.

152 1376 351 1432 φυλάττου
377 1382 477 1432 βοᾶ,
523 1379 692 1431 quidam
722 1380 848 1417 oculis
875 1382 1092 1418 connivens
1126 1380 1303 1426 clamat,
1339 1393 1439 1417 cave
1469 1378 1566 1421 tibi!

151 1449 259 1489 quae
276 1434 402 1475 lectio
428 1448 522 1474 vera
544 1444 606 1474 est
623 1435 714 1473 sine
733 1433 872 1474 dubio.
907 1437 1101 1489 vulgatae
1116 1433 1293 1473 lectioni
1314 1432 1406 1473 fieri
1427 1444 1570 1487 posset

148 1491 311 1531 medela
339 1489 516 1544 legendo
545 1488 811 1542 φυλάττεσθε,
841 1493 946 1548 βοᾷ,
985 1491 1152 1529 cavete!
1185 1488 1356 1530 clamat.
1389 1489 1568 1529 Salmas.

146 1549 227 1602 leg.
249 1545 366 1615 βοάν.
420 1552 567 1586 Kmmn.

260 1601 490 1656 φυλαττεται
515 1599 651 1654 βοων]
689 1599 787 1643 MS.
815 1605 1023 1654 καταμυῶν
1048 1618 1106 1650 τις
1126 1598 1326 1654 φυλάττου
1345 1602 1459 1656 βοαί·
1490 1614 1568 1655 op—

148 1659 249 1699 time
274 1658 396 1697 nobis
416 1660 531 1696 lusus
552 1657 667 1695 illius
693 1671 844 1696 motem
865 1657 1056 1696 servavit.
1086 1657 1306 1711 legendum
1320 1658 1431 1696 enim
1453 1667 1565 1696 certo

148 1715 261 1755 scio:
290 1711 498 1766 καταμύων
514 1729 592 1763 τις,
623 1713 818 1765 φυλάττου
832 1743 842 1763 ,
871 1709 950 1769 βοᾷ
967 1722 1042 1754 etc.
1087 1713 1167 1752 Ille
1189 1712 1300 1752 enim
1323 1713 1395 1766 qui
1417 1715 1566 1752 clausis

148 1771 283 1810 oculis
316 1784 404 1810 esse
435 1769 600 1823 cogitur
628 1771 798 1814 clamat,
841 1754 970 1814 Cave,
1012 1769 1055 1807 in
1084 1769 1165 1808 isto
1196 1771 1316 1818 lusu,
1346 1777 1562 1823 postquam

147 1829 292 1866 oculos
334 1824 608 1873 concluserit,
651 1833 698 1862 ut
727 1824 879 1876 reliqui
909 1824 1044 1862 selant
1082 1824 1163 1864 sibi
1193 1822 1420 1863 cavendum
1461 1837 1563 1874 esse,

146 1896 200 1921 ne
221 1896 341 1935 quern
362 1881 510 1934 capiat,
569 1881 875 1932 Etymologicon
894 1882 1124 1932 Il‘lagnum:
1153 1881 1418 1934 Δραπετίνδα.
1437 1878 1565 1932 ὄνομα

144 1941 328 1986 παιδιᾶς·
357 1939 434 1978 ἐστι
453 1936 496 1977 δὲ
516 1939 585 2003 τῆς
603 1938 746 1987 μυΐνδα
764 1937 1005 1987 καλουμένης
1022 1934 1189 2005 τρόπος
1227 1937 1374 1988 εἴρηται
1395 1935 1436 1976 δὲ
1454 1951 1562 1989 παρα

143 1992 210 2035 τό·
241 2010 318 2034 των
348 1988 534 2033 παίδων“’
513 2009 533 2033 ο
549 1993 617 2044 μέν
635 2007 691 2039 τις
707 2007 792 2043 μυει
812 2008 904 2039 τους
923 1989 1160 2059 ὀφθαλμους
1179 1994 1301 2044 βοῶν,
1319 1995 1466 2043 Τηροῦ,
1483 2007 1564 2043 φυ-

144 2047 307 2092 λάττου·
331 2065 369 2089 οι
359 2048 419 2089 ’δὲ
432 2044 763 2100 ἅλλοι,φεύγουσι,
783 2046 1076 2115 φυλασσόμενοι
1086 2050 1156 2090 τοῦ
1174 2045 1445 2117 ἅγρευθῆναι.
1458 2051 1560 2087 Imm.

253 2106 317 2146 καὶ
331 2102 376 2146 ὃν
388 2100 437 2144 ἂν
449 2103 524 2144 τῶν
536 2102 683 2154 υποφ.]
715 2103 762 2140 C.
777 2103 825 2141 V.
838 2105 901 2144 καὶ
914 2120 969 2144 ων
981 2101 1032 2144 ὃν
1044 2113 1120 2143 etc
1152 2103 1198 2145 C.
1217 2103 1265 2145 A·
1284 2100 1384 2143 καὶ“
1361 2119 1408 2144 ον
1419 2119 1469 2142 αν
1485 2099 1562 2145 ὖπό

142 2179 220 2204 των
236 2157 476 2216 φευγόντων.
495 2161 689 2226 vulgatae
712 2157 897 2196 nondum
921 2172 982 2197 me
1000 2159 1202 2212 poenitet,
1227 2158 1412 2227 quamvis
1429 2156 1560 2200 Salm.

144 2219 268 2258 etiam
290 2232 342 2258 ex
359 2229 436 2255 suo
458 2215 507 2255 V.
531 2212 577 2254 C.
596 2210 676 2255 ὗπὸ
687 2230 818 2266 τωνφ.
829 2213 1016 2266 adnotet,
1030 2223 1072 2254 et
1082 2217 1192 2269 legat
1203 2210 1341 2254 inde’
1314 2212 1393 2256 απὸ
1417 2217 1493 2255 τῶν
1513 2231 1558 2267 φ.

138 2280 280 2315 KmfflN.

249 2326 350 2372 καὶ
338 2345 385 2370 ον
403 2342 454 2369 αν
471 2328 548 2368 τῶν
563 2339 688 2375 υποφ.
697 2323 714 2377 ]
745 2323 838 2365 MS.
857 2325 921 2366 καὶ
942 2342 997 2366 ων
1015 2342 1064 2366 αν
1084 2330 1318 2367 etc.11mc.

251 2383 388 2428 αυτίκα
415 2379 624 2453 καταμύειν
647 2377 880 2448 αναγκαζει]
920 2380 965 2420 C.
984 2378 1209 2448 Α.τταμύειν
1233 2375 1461 2447 α’ναγκᾶζει·
1490 2379 1558 2418 vi·

140 2442 265 2481 tiose.
299 2441 346 2479 C.
379 2440 429 2479 V.
463 2435 662 2506 ἀναγκάζῃ
690 2433 718 2489 η“
733 2437 798 2477 καὶ
817 2435 966 2489 μύσας,
999 2453 1047 2478 ου
1059 2453 1108 2477 αν
1127 2452 1184 2484 τις
1197 2432 1456 2497 προσάψηται
1475 2443 1554 2476 etc.

136 2498 266 2540 Salm.
294 2493 606 2548 αντικαταμύειν.
659 2498 799 2531 Kumm.

248 2551 387 2595 αὐτίκα
405 2549 620 2603 καταμύειν
641 2545 866 2617 ἀναγκάζει]
899 2548 977 2587 Pro
1013 2544 1153 2588 αυτίκα
1178 2543 1391 2599 καταμῦειν
1416 2554 1557 2586 noster

136 2610 243 2652 MS.
258 2613 384 2662 longe
414 2605 648 2660 elegantius
675 2601 969 2658 αντικαταμύειν
997 2602 1133 2644 habet.
1175 2616 1254 2657 qua
1282 2601 1466 2642 lectione
1492 2601 1555 2640 nil
