1656 2976
711 94 764 136 x.
823 100 915 139 180.
1430 96 1536 149 1853

109 205 370 247 solummodo
395 205 570 247 dixisset
592 202 776 249 σκύτινον
797 200 964 259 χίταῒνα·
1002 203 1081 245 sed
1102 205 1211 244 tanti
1242 207 1327 242 non
1359 211 1444 253 est,
1483 213 1532 243 ut

107 258 246 300 hac'in
267 276 310 302 re
332 277 475 303 morer.
497 259 668 315 sufficit,
695 270 745 301 ut
772 262 872 301 satis
891 269 1032 314 aperte
1050 261 1251 311 sciamus,
1288 260 1411 298 istam
1427 261 1527 300 Pol·

107 318 215 355 lucis
243 317 485 370 opinionem
513 317 666 368 fuisse,
705 330 783 356 nos
808 317 1007 368 Aeschyli
1033 316 1283 355 auctoritate
1304 314 1426 354 nixos
1453 329 1527 354 co-

106 369 286 411 riace‘am
319 377 505 412 tunicam
540 386 662 427 posse
700 386 853 412 vocare
881 374 1124 426 στέγαστρον.
1191 371 1389 423 Aeschyli
1425 383 1525 410 vero

105 423 256 471 ὀστέων
276 429 511 482 στέγαστρον
528 428 602 481 qui
620 428 676 468 sit
702 427 1022 482 intelligendum
1050 441 1136 466 non
1165 426 1268 466 satis
1296 424 1522 478 perspicio.

106 497 159 522 nn
176 491 309 523 cutem
327 485 387 523 ita
405 483 606 525 vocavit?
635 498 688 523 au
707 497 883 528 carnem.
914 497 993 538 qua
1015 496 1106 522 ossa
1126 491 1224 522 sunt
1242 480 1404 521 obtecta
1418 479 1441 521 ?
1470 494 1522 520 nn

103 539 246 592 potius
275 539 404 592 ipsam
435 538 623 579 vestem?
661 538 773 594 quod
804 540 995 593 profecto
1025 539 1171 578 melius
1201 536 1379 577 videtur.
1420 534 1522 590 quid

103 594 221 634 enim'
244 595 348 634 alias
377 593 428 633 ad
460 594 568 634 hanc
597 608 681 634 rem
711 595 866 635 faceret
890 593 962 634 hic
992 594 1191 645 Aeschyli
1216 590 1368 632 locus?
1405 589 1520 635 ὀστέα

101 662 202 689 vcro
223 663 299 704 pro
316 649 410 702 ipso
440 659 483 690 et
512 658 606 690 toto
636 663 812 703 corpore
841 649 892 689 ab
912 650 1112 701 Aeschylo
1139 662 1227 687 esse
1252 647 1391 701 posita
1425 647 1518 702 quis

101 703 204 744 adeo
222 703 427 745 miretur?
457 704 540 746 Sed
561 705 715 745 incidit
736 705 839 744 mihi
858 704 971 744 hunc
999 707 1138 744 locum
1164 702 1311 744 sedulo
1336 703 1518 744 versanti

97 760 180 799 alia
199 773 365 814 quoque
385 761 638 808 coniectura,
669 774 808 814 quem,
847 771 895 799 ut
916 760 1073 800 Lector
1102 767 1302 813 agnoscat
1327 762 1517 798 volunta-

98 821 178 856 tem
205 817 392 855 Pollucis
419 815 667 856 emendandi
697 819 763 858 vel
791 814 1030 870 explicandi
1065 814 1173 855 mihi
1203 828 1288 853 non
1319 813 1516 866 defuisse,

97 885 316 924 apponam.
355 870 457 925 quid
484 871 520 910 si
545 871 694 911 Pollux
727 882 869 911 noster
895 868 963 914 τόν
990 868 1175 913 axeium
1203 870 1340 912 τοῦτον
1363 874 1515 924 χιτῶνα

95 926 206 965 hanc
234 936 416 969 nostram
444 936 582 966 cutem
611 926 910 980 appellaverit,
947 940 1026 982 qun
1053 935 1249 980 tanquam
1277 933 1393 966 veste
1418 939 1515 978 pro-

95 982 206 1020 xima
225 995 376 1034 corpus
405 991 591 1021 nostrum
623 991 685 1021 est
713 981 940 1023 amictum?
979 995 1114 1035 neque
1138 996 1238 1022 vero
1270 980 1366 1034 quis
1399 980 1513 1019 dicat

95 1035 219 1075 nimis
253 1036 428 1076 obscure
459 1040 729 1090 loquuturum
765 1038 895 1077 fuisse
926 1038 1154 1088 Pollae-em,-
1191 1037 1370 1076 forsitan
1399 1035 1510 1076 enim

95 1092 175 1130 ista
209 1101 345 1131 aetate
376 1091 445 1131 hic
471 1092 639 1147 Tragici
676 1096 826 1145 poetae
851 1096 970 1132 locus
994 1093 1055 1132 sic
1082 1091 1219 1131 cuivis
1249 1100 1338 1132 erat
1368 1101 1511 1137 notus,

91 1156 140 1186 ut
166 1146 369 1187 nerninem
392 1157 637 1200 propteresa
654 1157 790 1188 mente
810 1161 882 1187 sua
906 1147 1183 1188 aberraturum
1205 1155 1383 1198 putaret.
1418 1160 1511 1185 cor-

91 1202 207 1255 poris
232 1211 369 1242 autem
390 1201 563 1242 humani
582 1213 716 1243 cutem
749 1204 931 1254 vulgaris
960 1217 1060 1242 usus
1093 1201 1331 1242 nominavit
1359 1202 1510 1255 διφθέ-

89 1274 163 1311 ραν
191 1259 467 1312 στεγαστρίδα,
503 1271 607 1312 quae
634 1260 746 1298 forte
767 1258 888 1298 notio
907 1258 1007 1297 alibi
1026 1267 1241 1298 auctorum
1270 1271 1356 1296 non
1388 1272 1507 1309 repe-

90 1312 196 1352 ritur
221 1327 309 1353 eam
337 1314 390 1352 ob
420 1327 603 1362 causam,
642 1312 756 1367 quod
797 1312 1070 1364 eruditiores,
1118 1314 1192 1368 qui
1228 1312 1396 1366 scriptis
1423 1313 1508 1351 ali-

90 1367 191 1422 quid
209 1367 485 1417 tradiderunt,
516 1369 624 1408 hanc
641 1367 844 1422 loquendi
861 1369 1064 1408 rationem
1092 1378 1141 1408 ut
1166 1368 1292 1407 nimis
1319 1370 1507 1421 populn-

88 1437 170 1464 rem
189 1432 231 1463 et
251 1423 542 1463 inconcinnam
564 1424 871 1464 contemserint.
902 1427 1092 1479 pluscula
1121 1425 1231 1476 larga
1259 1438 1385 1462 mmm
1414 1423 1506 1461 dis-

86 1478 304 1526 seminavi,
335 1493 387 1518 ex
422 1480 574 1532 quibus
603 1479 715 1535 quod
732 1490 893 1531 praeter
916 1489 1049 1519 cetera
1076 1479 1255 1519 maxime
1282 1479 1502 1532 placuerit,

87 1534 307 1573 benivolus
326 1536 457 1573 lector
476 1535 628 1589 eligere
653 1549 705 1573 ne
723 1534 985 1589 dedignetur.
1020 1534 1155 1588 ipsum
1183 1549 1247 1574 me
1273 1533 1502 1573 multitudo

88 1588 310 1642 oppressit,
342 1597 391 1627 ut
409 1588 584 1628 liberum
608 1589 714 1628 mihi
742 1589 972 1629 arbitrandi
1001 1590 1067 1628 ius
1099 1603 1182 1627 non
1212 1589 1279 1627 sit.
1343 1590 1503 1628 Memi-

87 1644 151 1683 nit
171 1652 304 1682 sutem
323 1644 520 1699 διᾳθέρας
547 1646 818 1699 στεγαστρίδας
835 1645 993 1685 Auctor
1024 1654 1166 1683 noster
1195 1644 1302 1695 vn,
1344 1657 1407 1697 70.
1438 1647 1502 1685 ὀι-

86 1699 224 1753 φθέρα
249 1699 292 1740 δὲ
315 1704 555 1754 στιγαστρῖς,
591 1699 711 1754 χιτών
746 1702 956 1753 ἐπίκρανον
981 1698 1078 1752 ἔχων
1109 1707 1188 1738 etc.
1210 1698 1270 1738 ita
1299 1699 1409 1739 enim
1439 1699 1500 1739 ibi

85 1755 272 1809 profecto
292 1753 510 1809 legendum
538 1771 591 1797 ex
610 1757 732 1796 MSS.
761 1765 809 1795 ut
839 1764 949 1795 recte
964 1757 1293 1807 langermannus
1322 1755 1499 1804 censuit,

87 1809 160 1864 qui
182 1818 224 1848 et
248 1810 453 1849 Herodoti
481 1814 621 1851 locum
645 1811 843 1859 adduxit,
882 1810 925 1850 in
956 1824 1041 1863 quo
1072 1811 1248 1863 διφθέρα
1275 1813 1501 1864 σιεγαστρῖς

86 1865 136 1905 de
156 1863 350 1917 pellibus¹
379 1866 530 1919 quibus
553 1871 827 1921 contegantur
847 1867 1014 1905 navium
1037 1865 1230 1912 tabulata,
1263 1876 1499 1919 usurpatur.

83 1922 180 1960 illae
199 1921 398 1959 Romanis
420 1926 619 1975 segestria
645 1921 865 1969 dicuntur,
896 1931 942 1961 ut
973 1921 1074 1960 alibi
1101 1920 1151 1960 ad
1172 1923 1382 1960 Pollucem
1417 1935 1499 1960 no-

83 1984 211 2015 strum
227 1989 280 2014 ex
299 1977 417 2016 Festo
439 1977 597 2018 notavi.
616 1978 687 2017 sed
704 1988 745 2018 et
763 1977 804 2015 in
819 1978 1001 2017 Glossis:
1021 1978 1214 2029 Segesta,
1243 1977 1498 2030 στέγαστρον,

83 2030 338 2084 τιράὸερμον·
372 2032 485 2086 quod
506 2033 713 2086 posterius
738 2033 816 2073 etsi
836 2047 921 2072 non
953 2033 1133 2072 nesciam
1163 2046 1247 2086 quo
1280 2042 1402 2084 pacto
1429 2033 1498 2070 vi-

82 2087 118 2126 ri
142 2087 295 2126 eruditi
323 2087 604 2136 emendarint,
641 2088 964 2128 considerabunt
995 2098 1132 2127 tamen
1171 2088 1401 2138 doctiores,
1441 2101 1494 2126 an

82 2143 204 2182 etism
224 2142 384 2197 aliquid
409 2144 546 2197 aptius
565 2144 699 2198 possit
726 2143 983 2183 adinveniri.
1031 2145 1298 2196 Etymologus
1319 2143 1496 2197 exponit

80 2201 221 2251 βαίτην
233 2199 471 2253 στέγαστρον
487 2199 721 2252 προβάτειον
739 2199 765 2248 ἢ
782 2203 942 2254 αἴγειον.

190 2257 452 2306 στεγαστρίδα
473 2257 509 2296 d.
523 2255 592 2297 τόν
616 2273 679 2297 ox.
702 2256 796 2308 etc.]
827 2256 913 2296 MS.
935 2257 1178 2311 σεγασιρίδα.
1208 2253 1408 2307 διφθέραν
1424 2252 1495 2294 vlu

83 2308 266 2353 &mantin
283 2319 360 2348 etc.
419 2310 499 2352 Sed
510 2311 766 2351 emendatum
787 2310 989 2353 σκύτινον·
1018 2312 1216 2367 διφθέραν
1233 2311 1493 2365 σιεγαστρίδᾱ

83 2374 124 2403 et
144 2379 262 2418 supra
290 2366 383 2413 VII,
415 2379 481 2417 70.
503 2376 558 2406 ex
578 2366 668 2408 MS.
688 2367 887 2407 habuisti.
946 2369 1074 2409 IUNG.

188 2422 318 2462 κίσται
341 2423 397 2474 δέ]
425 2422 516 2463 ms.
540 2425 674 2471 κίστας
691 2424 729 2464 δὲ
748 2432 828 2462 etc.
883 2423 963 2462 Sed
986 2425 1197 2477 vulga·tum
1224 2421 1396 2463 rectu'm.
1425 2423 1492 2465 κί-

83 2478 178 2524 ᾱὲην
195 2471 400 2528 ὀψοφόρον
425 2488 465 2516 et
483 2491 604 2529 supra
623 2478 799 2518 habebas
822 2493 945 2532 segm.
974 2479 1061 2519 105.
1118 2479 1242 2518 lunc.

188 2527 285 2572 oilla}
305 2536 371 2574 καὶ
391 2535 470 2575 τῶν
491 2534 562 2589 φ.]
592 2535 686 2576 MS.
708 2536 777 2577 καὶ
795 2543 836 2579 αἱ
863 2540 941 2578 ταῖν
964 2552 1006 2588 φ.
1064 2536 1158 2576 Su.
