1690 2996
152 141 262 184 1884
789 137 843 178 X.
899 139 966 181 89.

156 251 266 292 λείαν
279 248 362 288 hoc
386 246 510 288 modo
536 247 729 301 reperias.
771 262 848 288 nec
870 248 1038 302 quidem
1065 247 1107 288 id
1132 251 1288 288 factum
1319 247 1585 291 vehementer

157 307 309 356 miror3
335 305 475 356 potuit
493 304 602 342 enim
631 302 736 342 illud
756 304 971 357 proficisci
991 319 1012 344 a
1033 305 1217 344 librariis
1241 314 1313 344 aut
1334 315 1581 353 correctore,

155 361 229 416 qui
250 361 443 413 profecto
465 359 740 413 intelligendo
763 360 977 408 fecerunt,
1007 370 1053 398 ut
1078 361 1188 399 nihil
1210 360 1502 415 intelligerent.
1534 361 1582 400 hi

157 432 250 455 cum
284 416 366 453 sibi
400 413 694 467 persuaderent
724 429 875 470 genere
913 412 1122 454 feminino
1149 413 1271 464 τύλην
1297 430 1353 455 ex
1383 415 1584 469 Eupolide

153 471 378 525 protulisse
410 471 623 509 Pollucem
638 498 649 514 ,
683 470 877 509 similiter
907 471 952 508 in
975 471 1166 523 Sophocle
1187 473 1342 512 τυλείαν
1361 471 1582 526 legendum

154 535 431 572 censuerunt,
468 524 512 563 id
542 525 706 564 scilicet
735 526 911 566 innuere
946 535 1141 578 putantes
1173 527 1583 579 Onomaetioographi

156 583 305 621 verba:
337 582 401 623 καὶ
419 577 527 634 παραὶ
555 583 753 631 Σοφοκλεῖ
765 584 806 623 ἐν
834 579 975 623 Ἰοκλεῖ
997 582 1159 635 λέγοντι.
1198 595 1275 621 nec
1296 582 1404 621 intra
1424 582 1581 621 limites

156 638 263 676 istos
302 636 527 676 consistere
557 637 700 688 potuit
727 637 796 675 illa
818 636 1007 675 mutandi
1031 637 1167 676 libido
1194 651 1334 690 prava.
1375 646 1424 676 ut
1442 637 1581 676 omnia

155 701 450 747 congruerent,
480 689 736 730 refluxerunt
756 691 879 731 etiam
899 690 1152 746 λινορῥάφος,
1173 691 1286 745 quod
1303 693 1414 731 enim
1433 692 1478 731 in
1497 692 1582 731 Ex·

156 748 310 801 cerptis
330 746 650 797 Falckenburgii
669 746 881 799 λινοράφος
901 757 1030 793 extet,
1061 747 1271 787 scribendi
1290 761 1379 787 moe
1398 757 1476 795 est,
1507 747 1582 800 qui

156 805 201 842 in
226 802 519 841 vetustissimis
538 801 753 841 invenitur
770 800 1013 842 (lodicibus.
1052 802 1152 841 inde
1174 816 1273 842 vero
1302 802 1347 840 in
1367 803 1580 856 prioribus

153 859 335 900 Pollucis
364 856 625 896 editionibus
658 867 793 896 ortum
821 856 906 894 fuit
937 871 1009 894 seu
1039 857 1133 909 typi
1165 857 1299 905 vitio,
1327 871 1400 897 seu
1420 857 1580 897 descri-

154 915 304 967 ptoris,
323 911 575 965 λινογρᾶᾳος.
597 912 795 964 plurimas
815 921 953 951 autem
982 912 1148 952 illorum
1170 911 1387 951 hominum
1408 912 1580 952 audacia

154 971 200 1008 in
220 970 404 1021 optimos
424 976 612 1006 auctores
633 966 819 1006 invectas
838 980 927 1007 esse
945 967 1113 1006 mendas
1130 980 1251 1006 nemo
1270 970 1485 1019 paululum
1504 967 1580 1006 hu-

156 1025 319 1063 manior
348 1021 574 1077 ignorabit.
634 1022 692 1061 Et
722 1024 892 1061 alteram
920 1031 1057 1061 autem
1094 1022 1340 1076 opinionem
1370 1035 1579 1075 exponere

158 1094 324 1134 quoque
343 1080 475 1128 lubet,
497 1078 532 1116 si
552 1078 729 1116 forsitan
752 1077 847 1131 quis
868 1078 1114 1131 reperiatur,
1135 1077 1204 1117 cui
1223 1076 1354 1132 magis
1377 1077 1580 1129 arrideat3

156 1145 404 1188 tantumque
441 1133 486 1171 in
529 1147 577 1173 ea
621 1133 828 1173 lenocinii
863 1132 1153 1185 deprehendo,
1192 1142 1262 1179 ut.
1303 1133 1492 1185 quamvis
1527 1132 1578 1172 ad

155 1191 297 1243 priora
329 1189 620 1242 procliviorem
645 1202 709 1227 me
735 1198 872 1227 tamen
903 1187 1083 1228 defixum
1110 1197 1260 1228 teneat.
1301 1187 1580 1229 diversimode

155 1260 255 1285 vero
277 1248 455 1284 colorem
487 1243 554 1282 illi
582 1243 779 1297 opinioni
811 1243 1038 1283 conciliare
1057 1244 1207 1296 poesie.
1244 1239 1364 1294 τύλην
1378 1242 1587 1283 nimirum.

157 1301 208 1340 ab
228 1300 429 1351 Eupolide
447 1298 599 1338 dictam
631 1298 897 1338 arbitraberis
922 1298 1114 1337 culcitam
1143 1312 1215 1338 seu
1236 1299 1462 1351 pulvinar,
1494 1311 1576 1351 qna

158 1357 204 1395 in
226 1355 536 1409 significatione
555 1355 680 1393 Iones
712 1353 820 1392 banc
842 1368 984 1393 vocem
1009 1362 1285 1406 usurparunt,
1314 1367 1338 1392 a
1361 1352 1512 1407 quibus
1532 1353 1578 1392 in

156 1424 413 1451 communem
435 1408 637 1463 loquendi
659 1408 825 1448 modum
852 1423 952 1447 usus
979 1409 1094 1447 illius
1116 1409 1300 1447 nominis
1319 1408 1376 1447 sit
1394 1411 1577 1448 transla-

156 1477 248 1516 tns3
278 1476 326 1504 ut
351 1465 430 1504 hac
456 1466 599 1518 itaque
632 1463 682 1504 de
702 1465 864 1503 ratione
887 1464 1186 1502 constituerint
1201 1463 1369 1503 Atticae
1385 1466 1578 1518 loquelae

155 1522 346 1576 magistri
366 1534 510 1560 vocem
527 1521 727 1571 κνέφαλον
745 1519 845 1558 huic
866 1518 1199 1571 anteponendam
1224 1533 1335 1564 esse,
1361 1520 1427 1558 uti
1445 1520 1575 1572 pluri·

155 1577 234 1616 bus
262 1577 373 1616 infra
403 1575 679 1616 monebimus.
719 1574 869 1614 addere
885 1575 988 1614 licet
1011 1574 1274 1614 notissimum
1294 1574 1418 1614 istinc
1435 1574 1576 1616 nomi-

156 1633 226 1673 nis
252 1646 391 1677 usum,
423 1646 514 1670 cum
536 1626 652 1678 τύλος
677 1630 778 1670 alibi
799 1645 846 1669 ac
868 1630 911 1669 in
943 1629 1026 1669 hoo
1045 1633 1140 1669 loco
1166 1629 1239 1670 vix
1261 1629 1435 1683 reperiri
1456 1639 1577 1683 pote-

155 1689 226 1728 rit.
281 1687 331 1725 In
357 1687 451 1726 aliis
472 1696 513 1726 et
531 1686 612 1726 hoc
630 1687 675 1725 in
697 1696 875 1726 mentem
899 1684 1004 1724 mihi
1026 1685 1164 1733 venit,
1195 1686 1240 1724 in
1267 1687 1438 1726 Polluce
1457 1684 1574 1725 ecili-

156 1753 224 1783 cet
252 1742 418 1781 restitui
453 1756 599 1794 posse:
628 1743 695 1785 καὶ
724 1745 857 1783 tuma
873 1737 984 1798 παροέ
1007 1743 1206 1792 Σοφοκλεῖ
1220 1750 1297 1781 etc.
1328 1750 1371 1780 et
1395 1750 1491 1794 post
1509 1746 1576 1783 λι-

154 1796 356 1854 νορῤἄφος
383 1799 538 1849 tullia,
568 1798 737 1852 singulo
766 1811 962 1847 numero,
992 1797 1184 1851 quamvis
1216 1795 1331 1834 iuius
1351 1797 1467 1835 vocie
1487 1810 1573 1835 non

156 1855 212 1892 sit
231 1853 282 1892 ad
304 1867 448 1891 manue
467 1856 715 1905 exemplum.
756 1863 928 1906 tumque
948 1851 1002 1894 ὦν
1021 1855 1089 1894 καῖ
1101 1850 1191 1899 τούς
1205 1853 1378 1904 τεχνίτας
1396 1865 1575 1904 genera-

154 1910 253 1950 liter
281 1907 332 1946 ad
364 1917 510 1946 cuncta
549 1908 838 1961 praecedentia
868 1907 1129 1948 referendum
1158 1906 1299 1946 fuerit.
1355 1907 1432 1946 Me
1452 1919 1575 1946 sane-

156 1979 278 2016 quam
297 1964 340 2001 in
363 1963 429 2001 his
451 1963 566 2002 tricis
587 1963 715 2002 animi
737 1963 907 2002 dubium
931 1963 1098 2002 haerere
1116 1971 1240 2014 atque
1263 1960 1479 2008 fluctuare,
1493 1961 1573 2000 dif-

156 2019 264 2058 fiteri
286 2019 428 2057 nolim.
489 2017 615 2071 Quod
634 2018 776 2071 potius
797 2019 988 2058 maluerit
1006 2020 1137 2058 lector
1162 2015 1366 2064 eruditus,
1397 2017 1477 2055 sibi
1504 2015 1573 2056 de·

154 2076 272 2129 ligat.
329 2074 531 2113 Memoria
561 2088 658 2112 vero
697 2074 777 2112 iam
809 2088 921 2112 nunc
948 2084 1114 2126 repeto,
1153 2086 1256 2127 quae
1281 2072 1332 2111 de
1359 2074 1573 2110 Parasitie

154 2130 396 2182 Eupolidis,
425 2138 467 2168 et
489 2127 664 2181 quodam
684 2142 735 2168 ex
761 2129 813 2167 iis
837 2137 1081 2183 argumento
1099 2127 1149 2166 ad
1176 2127 1428 2180 principium
1446 2126 1571 2165 huius

154 2185 255 2226 libri
276 2183 485 2224 adnotavi.
524 2184 585 2223 ibi
607 2194 694 2222 tum
714 2184 1032 2223 recensitionem
1054 2197 1142 2223 esse
1168 2184 1318 2222 factam
1336 2181 1426 2221 dixi
1447 2190 1572 2219 uten-

156 2242 297 2280 silium
324 2239 666 2290 domesticorum,
712 2249 755 2279 et
780 2239 966 2279 indidem
998 2239 1131 2292 petite
1157 2235 1366 2285 contendo
1395 2234 1570 2286 isthaec,

158 2296 414 2350 Κεκρύφαλοί
430 2311 471 2336 τε
487 2295 554 2338 καὶ
574 2292 680 2345 πύλη.

267 2355 335 2394 καὶ
354 2349 461 2404 napo?
481 2356 581 2403 Σοφ.
609 2353 652 2392 ἐν
669 2348 728 2402 τῷ
752 2347 893 2391 'lonast
905 2348 1014 2400 etc.]
1059 2348 1208 2387 Malim
1230 2349 1272 2390 ἔν
1297 2347 1352 2402 τῷ
1372 2341 1574 2390 Ἐτεοκλεῖ

156 2409 226 2447 vel
255 2410 428 2450 Διοκλεῖ.
474 2406 570 2446 dein
610 2407 660 2447 C.
695 2405 746 2445 V.
784 2399 1005 2458 λινοῤῥιῖφη
1036 2402 1188 2452 raihta,
1224 2406 1307 2457 leg.
1344 2403 1570 2458 λινορῥαφῆ

155 2466 296 2512 τυληΐα
308 2493 320 2514 ,
350 2477 398 2501 ex
416 2464 538 2500 linteo
557 2469 731 2501 consuta
749 2463 949 2514 stragula.
1005 2460 1179 2498 Kmffln.

268 2521 335 2560 καὶ
361 2513 473 2571 napa*
497 2523 602 2569 Σοφ.
631 2519 675 2559 ἐν
703 2517 761 2571 τῷ
781 2515 927 2559 Ἰοκλεῖ
951 2513 1058 2567 etc-J
1099 2515 1336 2567 Sequuntur
1357 2514 1568 2566 Sophos-lte

156 2572 226 2623 (de
246 2573 364 2613 cuius
386 2575 497 2614 Iocle
517 2573 618 2613 hinc
643 2572 901 2614 Caeaubonua
922 2580 1062 2614 noster
1080 2571 1180 2615 VII.
1208 2571 1358 2611 Athen.
1387 2570 1449 2623 4.)
1476 2584 1566 2612 ver-
