1716 3016
164 131 246 171 944
257 146 260 150 ·
770 125 844 169 lx.
902 128 971 170 49.

167 238 219 278 de
250 238 415 293 origine
433 237 550 280 vocis
573 238 696 293 ψαλὶς
714 236 885 290 addam,
916 238 1029 277 illam
1049 237 1154 277 mihi
1166 236 1303 278 videri
1326 236 1596 280 aPhoenici—

165 295 243 333 bus
265 295 503 336 architectis
522 303 749 347 acceptam,
774 294 862 348 qui,
894 293 1033 344 credo,
1062 293 1349 334 aedificiorum
1365 294 1596 348 laquearia,

166 360 239 390 aut
267 361 377 390 tecta
407 353 599 404 laqueata
636 349 835 390 dixerunt
855 347 982 403 rbus,
1012 363 1034 389 a
1062 349 1191 390 verbo
1210 346 1306 398 ¹702,
1334 348 1448 405 quod
1470 360 1532 390 est
1550 350 1596 389 in

165 407 312 460 lingua
339 406 528 447 Hebraea
545 420 606 445 .ac
626 406 798 458 Syriaca
825 403 1016 460 γλύφων·
1044 407 1254 460 laquearia
1280 419 1380 445 vero
1397 414 1447 445 ut
1464 405 1596 460 pluri-

167 477 277 502 mum
297 477 421 515 opere
441 461 676 516 sculptorio
703 471 822 502 erant
846 461 1073 516 insignita,
1102 460 1202 500 hinc
1221 458 1420 516 διοῖγλυφα
1439 458 1598 513 ‹panai-

165 536 285 572 ματα.
341 517 412 572 [Iu
443 519 654 571 Sophoclis
681 518 888 558 versiculo
915 517 1022 557 mihi
1050 517 1132 555 iam
1162 517 1349 570 apprime
1378 516 1598 571 probatur,

169 574 318 628 ἔδειμε·
353 573 466 626 quod
497 587 588 613 cum
625 573 813 627 legitima
840 572 1143 613 metriratione
1161 587 1247 612 non
1270 583 1456 628 pugnat:
1484 572 1600 627 prio-

169 644 252 669 rem
285 630 428 683 itaque
458 631 739 670 coniecturam
763 644 892 670 meam
920 629 1032 669 facio
1053 628 1232 669 missam.
1290 628 1371 668 Sed
1400 627 1456 669 de
1471 633 1601 683 ψαλι-

174 688 282 734 omre
301 685 506 738 myrtetis,
531 699 636 739 quae
653 683 795 726 eadem
815 685 893 725 hac
915 683 1101 738 explicui
1122 694 1244 732 uota,
1276 683 1477 739 quaedam
1493 683 1601 724 mihi

170 742 368 782 videntur
394 740 647 782 adiicienda.
697 741 893 781 consensi
932 741 1060 781 ferme
1093 740 1137 779 iu
1164 740 1282 779 vocis
1314 740 1440 780 huius
1471 754 1602 794 expo·

171 799 329 838 sitione
358 812 450 836 cum
478 795 701 841 Eruditiaa.
744 797 940 838 Cantor-o.-
975 809 1112 849 neque
1151 796 1372 850 analogiae
1405 797 1602 850 profecto

171 868 314 895 norma
346 862 490 893 contra
523 863 706 892 nostram
744 862 827 892 stat
859 852 1120 906 opinionem.
1162 865 1255 890 cum
1288 851 1398 891 enim
1426 866 1449 891 a
1476 854 1603 907 ψαλῖς

170 912 350 965 ψαλίδος,
371 907 544 962 forfex,
573 907 803 949 deducatur
826 907 1042 948 commode
1059 907 1264 960 ψαλίζειν,
1295 906 1447 972 quidni
1474 908 1601 948 etiam

172 966 224 1004 ab
245 964 390 1005 eodem
409 964 616 1005 vocabulo
633 997 643 1014 ,
674 978 766 1003 cum
794 978 942 1003 arcum
963 965 1031 1002 vel
1049 975 1256 1001 cameram
1284 961 1498 1016 significat
1527 979 1601 1003 ar.

171 1030 351 1069 cautam,
383 1022 584 1073 ψαλίζειν,
614 1033 808 1069 arcuere,
826 1018 1050 1073 fornicare
1090 1031 1258 1057 manare
1282 1017 1449 1071 ponit?
1486 1018 1603 1073 quod

172 1077 210 1116 si
229 1086 415 1117 veterum
442 1090 544 1115 usus
561 1074 612 1115 ad
632 1074 854 1129 analogiae
874 1073 1078 1114 rationem
1104 1072 1334 1124 accederet,
1362 1075 1479 1114 nulla
1496 1074 1603 1114 mibi

174 1147 228 1185 po
239 1132 323 1172 tior
350 1141 459 1172 esset
472 1133 679 1171 Hieroclen·
695 1132 779 1171 loci
800 1130 1043 1185 explanatio
1054 1146 1067 1168 .·
1097 1143 1210 1169 nunc
1226 1129 1389 1169 invitus
1406 1129 1535 1170 ferme
1551 1131 1604 1170 ab

181 1203 229 1227 ea
264 1187 474 1228 sententia
511 1186 701 1228 divellor.
749 1201 845 1226 uam
882 1195 930 1224 ut
973 1184 1107 1224 dicam
1137 1183 1251 1239 quod
1279 1199 1343 1225 rea
1370 1195 1457 1237 est,
1499 1186 1604 1227 mihi

175 1243 344 1298 quidem
370 1242 568 1284 videntur
596 1242 763 1296 antiqui
783 1241 936 1281 Graeci
957 1255 978 1280 a
999 1242 1142 1297 ψαλῖς,
1173 1255 1266 1279 cum
1280 1240 1468 1292 forficem
1486 1241 1607 1282 desi—

175 1309 296 1353 gnat,
326 1302 505 1353 ψαλίζειυ
527 1300 746 1347 formasse,
775 1312 869 1338 cum
892 1310 993 1338 vero
1015 1311 1181 1346 arcum,
1210 1297 1424 1349 ψαλιδοῦν,
1454 1307 1501 1338 ut
1521 1297 1605 1338 hoc

175 1366 298 1409 pacto
330 1354 639 1409 distinguerent
665 1352 855 1394 diversae
879 1352 1204 1406 significationis
1233 1351 1285 1395 ab
1315 1366 1402 1392 uuo
1430 1354 1602 1394 nomine

176 1410 354 1450 deducta
378 1410 519 1450 verba.
557 1408 667 1463 apud
688 1409 879 1448 Bitonem
909 1418 1044 1459 certe,
1076 1408 1148 1462 qui
1171 1422 1262 1447 cum
1293 1407 1387 1448 aliia
1415 1408 1605 1463 antiquis

175 1466 440 1516 Machanices
484 1465 743 1505 Auctoribus
780 1463 956 1505 Parisiis
995 1463 1178 1517 prodiit,
1232 1464 1411 1504 invenio
1449 1464 1608 1519 τραφήξ
1641 1487 1646 1490 -

175 1516 472 1576 ἐψαὶᾯωμένος
496 1524 765 1576 στερεμνίοις,
791 1530 832 1561 et
860 1519 1024 1572 saepius
1054 1518 1157 1558 alibi
1187 1518 1324 1573 ipsum
1353 1519 1458 1559 illud
1475 1527 1608 1576 ψαλι-

178 1579 298 1620 605»-
331 1578 454 1632 ¹quam>
482 1578 564 1616 sibi
591 1591 678 1616 non
709 1576 901 1616 inutilem
925 1574 1144 1615 derivandi
1165 1574 1403 1615 libertatem
1422 1590 1515 1616 cum
1533 1591 1608 1633 ge-

179 1635 294 1674 nitor
327 1633 621 1674 vocabulorum
647 1646 750 1671 *usus
776 1631 994 1680 sumserit,
1025 1639 1231 1679 remanet.
1266 1640 1314 1670 ut
1337 1631 1532 1685 ψαλισιός
1550 1633 1608 1673 sit

175 1691 325 1741 forfice
357 1692 541 1739 accisus,
580 1689 846 1734 decurtatus,
883 1687 1136 1739 forficatua:
1184 1695 1387 1726 arc-uanos
1429 1688 1541 1728 enim
1582 1703 1608 1728 a

180 1746 371 1799 ψαλιδοῦν
392 1745 548 1785 Graece
567 1744 774 1785 diceretur
795 1741 1046 1797 ψαλιδωτὰς,
1076 1742 1190 1797 quod
1207 1743 1342 1796 ipsum
1365 1743 1520 1784 alicubi
1539 1758 1608 1784 me

179 1802 331 1856 legisse
359 1800 557 1841 memoria
584 1813 669 1839 nou
701 1799 831 1838 fallax
859 1799 1061 1854 suggerit.
1106 1801 1323 1854 ψαλίδωμα
1354 1808 1465 1839 certe
1494 1799 1608 1853 apud

182 1857 417 1896 Strabonem
440 1856 678 1896 invenitur.-
707 1855 848 1909 itaque
876 1857 1066 1909 ψαλιστοῖ
1092 1855 1336 1911 μυρῤινῶιες
1356 1853 1407 1894 ab
1422 1856 1610 1895 Hierocle

181 1912 402 1962 dicuntur,
450 1911 526 1966 qui
562 1911 814 1951 concinnum
843 1920 886 1951 et
920 1914 1150 1965 elegantem
1183 1911 1228 1950 in
1256 1909 1424 1950 modum
1460 1910 1609 1951 forfice

180 1977 281 2007 sunt
311 1967 530 2008 decurtati.
580 1967 642 2006 sic
671 1967 781 2006 euim
811 1967 1018 2021 amputari
1046 1970 1186 2007 solent
1219 1976 1262 2007 et
1294 1966 1502 2019 compesci
1535 1966 1611 2006 ni-

181 2023 310 2062 mium
332 2023 593 2062 luxuriantes
623 2022 815 2062 arborum
838 2022 955 2062 rami.
994 2023 1141 2062 rasilia
1169 2037 1261 2062 cum
1292 2022 1469 2073 Apuleio
1498 2036 1610 2075 myr-

182 2088 266 2118 teta
296 2094 383 2119 uon
418 2079 642 2118 invenuste
669 2076 806 2118 dicere
837 2092 983 2131 queas:
1024 2078 1084 2116 sic
1105 2079 1216 2118 enim
1239 2079 1282 2117 in
1307 2087 1489 2117 extrema
1509 2077 1610 2117 libri

183 2134 233 2174 de
265 2134 430 2175 Mundo
469 2143 586 2188 parte
619 2133 786 2173 scribit:
834 2143 965 2174 acuta
994 2137 1142 2186 pinus,
1193 2146 1232 2172 ec
1259 2134 1405 2173 rasiles
1434 2133 1534 2173 bum·
1565 2141 1608 2172 ee

184 2191 315 2230 odora
345 2193 503 2230 laur-ue.
568 2189 647 2229 Sed
681 2188 836 2228 dudum
864 2189 966 2229 haec
993 2189 1235 2228 hominibus
1263 2187 1445 2228 eruditis
1481 2203 1611 2243 expo·

183 2247 286 2285 sitio
318 2246 502 2300 placuit‚·
529 2246 763 2284 Salmasius
793 2244 904 2284 enim
932 2243 984 2283 ad
1004 2247 1119 2286 Hist.
1149 2246 1265 2296 Aug.
1297 2253 1340 2284 et
1358 2246 1612 2284 Peon-eonius

183 2302 228 2340 in
253 2303 560 2354 Prolegomenie
598 2300 651 2340 ad
686 2300 905 2340 comment.
945 2298 1130 2339 Hier-ccl.
1174 2301 1219 2339 in
1257 2301 1399 2339 Aurea
1433 2299 1609 2353 Pythag.

188 2357 385 2397 Carmina
403 2359 516 2397 illam
537 2355 795 2396 tradiderunt
815 2365 857 2396 et
874 2365 973 2395 sunt
993 2356 1192 2409 amplexi,
1212 2356 1286 2410 qui
1309 2354 1451 2402 iidem,
1474 2353 1613 2410 quod-

184 2427 366 2523 plungue]
386 2413 464 2453 hac
495 2412 547 2454 de
579 2426 625 2453 re
656 2411 848 2453 adnotari
882 2421 1046 2465 posset,
1088 2421 1359 2466 occuparunt.
1416 2412 1484 2450 Ea·
1511 2411 1611 2450 Ad-

216 2484 264 2507 en
293 2484 338 2507 ιε.
1030 2480 1034 2484 ’

296 2581 341 2622 ἔν
367 2580 448 2629 τοῖς
476 2576 642 2634 νόμοις]
678 2579 814 2620 Libro
846 2578 1095 2620 duodecimo
1134 2579 1210 2620 fol.
1243 2577 1337 2634 986.
1368 2577 1442 2618 ubi
1474 2587 1611 2619 tamen
