1690 2996
175 142 285 182 1068
796 136 875 179 IX.
932 141 1002 182 82.

166 264 308 290 meam
326 247 475 289 fecisse
496 246 677 301 opinor-3
702 248 922 288 intextum
937 248 1079 302 itaque
1096 247 1258 290 adscivi
1272 246 1385 288 haud
1395 248 1610 303 gravatim.

166 307 251 346 .De
283 304 433 344 ceteris
463 317 578 342 nunc
607 312 672 343 est
701 303 964 345 monendum.
1002 306 1177 344 istorum
1207 308 1304 344 loco
1327 304 1458 358 ὥσπερ
1485 303 1610 346 εἶπον.

171 359 274 414 'Hp'
291 365 333 402 αἱ
350 359 672 414 μαντείαιΜὸΞ.
691 359 936 412 scripturam
959 375 1051 400 curn
1073 361 1281 399 Salmasio
1305 361 1444 402 textui
1470 359 1611 400 reddi-

181 416 332 455 dimus.
371 424 454 454 tum
476 423 564 455 erat
583 414 627 454 in
647 417 844 469 vulgatis,
873 415 1151 467 ὗπονέμονται,
1181 417 1373 470 γυναῖκας
1396 415 1540 470 μῶρος,
1570 424 1612 455 et

179 471 389 526 ἀργύριον·
418 470 538 521 ἄλλαι
551 483 629 524 pro
659 470 758 521 ἄλλη
787 480 831 511 et
858 471 910 510 ad
942 472 1008 510 sui
1029 471 1199 512 Codicis
1225 471 1451 526 marginem
1470 471 1612 510 Kush-

167 531 278 567 -nius
296 524 556 567 emendante
583 531 626 569 αἱ
645 524 685 568 δ’
707 524 758 569 ἄν
787 526 1015 580 ἡμίλιτρον·
1057 527 1232 567 omnino
1261 527 1320 566 ita
1346 525 1610 566 scribendum

169 598 274 624 rcum
294 582 416 624 MSS.
437 596 523 621 non
545 583 636 623 sine
657 581 719 632 ἄν,
751 582 864 636 quod
887 583 956 622 hic
974 586 1184 636 eleganter
1202 582 1416 624 additum:
1446 581 1611 626 tandem

180 640 237 694 τῷ
268 656 305 681 τι
329 633 451 693 λόγῳ,
492 637 606 690 quod
633 647 730 691 post
757 636 1010 692 γιγνώσκοντι
1046 639 1297 692 sequebatur
1331 637 1611 691 ineptissime,

183 694 427 735 delevimus.
484 692 642 733 Sensus
665 693 757 744 erit,
787 694 871 733 nisi
905 709 968 734 me
999 695 1154 743 fallam,
1187 693 1340 747 cuique
1370 692 1612 734 facillimus.

169 743 659 803 ‚Epicharmi'‘Ap⁷wya¹9
692 750 884 802 superius
924 749 1006 788 hoc
1034 748 1144 788 libro
1173 763 1298 802 segm.
1326 747 1390 790 26.
1420 747 1612 788 nominat

170 807 362 856 -Pollux,
405 803 551 858 ibique
582 802 783 847 ϋπόθεσιν
810 804 976 844 fabulae
1005 804 1139 858 digito
1169 804 1450 844 demonstrare
1472 803 1612 843 volui:

133 879 140 886 ·
170 861 360 902 :necdum
392 860 625 901 sententiae
665 860 876 913 poenitet,
917 873 1039 913 quam
1077 859 1204 899 etiarn
1242 859 1315 899 hic
1352 857 1614 912 planioribus

182 930 390 970 exponam
420 915 590 956 verbis:
628 915 763 955 videri
791 915 988 954 nimirum
1020 915 1320 966 Epicharmum
1350 915 1430 954 ista
1471 914 1614 954 fabula

183 971 234 1012 de
280 971 401 1011 rebus
451 970 699 1024 quibusdam
744 971 900 1025 egisse,
949 984 1057 1024 quae
1095 971 1279 1010 Siculam
1312 969 1614 1023 rempublicam

181 1041 347 1081 pessum
363 1026 519 1065 dabant
537 1035 662 1079 atque
685 1025 959 1079 diripiebant.
1004 1027 1116 1064 inter
1135 1025 1248 1076 illos,
1280 1023 1420 1071 credo,
1449 1039 1615 1065 enume-

173 1093 248 1125 ,rat
266 1081 339 1133 τοὶς
359 1080 532 1136 πονηράς
549 1081 730 1135 μάντιας.
762 1096 866 1137 quae
886 1081 1072 1120 aniculas
1104 1081 1319 1122 stultiores
1337 1079 1618 1135 emungebant

181 1139 386 1192 pecunia;
416 1147 457 1178 et
477 1141 616 1190 plures
647 1138 758 1178 inter
787 1137 986 1190 antiquos
1018 1138 1137 1177 fuere
1167 1136 1324 1177 eruditi
1349 1135 1433 1175 viri
1462 1135 1615 1189 quibus

182 1193 228 1233 id
254 1196 548 1233 circulatorum
571 1207 702 1249 genus
723 1207 883 1231 summo
906 1206 1031 1245 opere
1047 1192 1286 1246 displicuit:
1316 1193 1504 1231 Ennium
1522 1190 1618 1231 vide

183 1250 230 1288 in
259 1249 342 1289 fine
377 1248 550 1289 secundi
581 1249 634 1288 de
664 1247 945 1289 Divinatione
983 1257 1027 1287 et
1053 1246 1166 1301 apud
1185 1247 1409 1287 Eusebium
1423 1248 1618 1301 Pruepar.

170 1306 349 1357 Emmg.
372 1305 528 1348 varios.

293 1374 484 1426 γυναῖκας
511 1372 644 1427 μῶρος
671 1367 995 1422 οἷτεμπούκκιον]
1035 1368 1331 1423 Quaerendum
1362 1369 1539 1409 ulterius
1568 1368 1619 1408 de

182 1428 265 1468 hoc
298 1431 394 1467 loco
425 1436 468 1467 et
495 1441 580 1482 seq.
616 1428 842 1480 interprete
870 1425 1039 1466 dicente
1070 1426 1215 1466 nescio
1245 1424 1376 1481 quid,
1403 1424 1497 1467 MS.
1518 1438 1618 1466 vero

181 1497 353 1537 prorsus
373 1492 550 1524 tacente.
582 1485 682 1524 San.

293 1548 348 1604 τῷ
368 1567 407 1593 τι
426 1546 557 1604 λόγῳ]
591 1550 637 1590 C.
662 1549 711 1591 V.
733 1564 818 1588 non
841 1547 965 1587 habet
982 1547 1040 1602 τῷ
1059 1565 1097 1589 τι
1114 1544 1229 1601 λόγῳ.
1262 1542 1441 1591 Htinnu.

292 1607 346 1660 τῷ
363 1624 400 1648 τι
422 1603 558 1660 λόγῳ]
590 1606 667 1644 Illa
688 1606 740 1658 τῷ
760 1601 920 1659 τιλόγῳ
943 1603 1096 1643 desunt
1116 1603 1159 1641 in
1178 1603 1270 1642 MS.
1300 1604 1424 1644 Iunc.

294 1662 371 1716 ἐγώ
390 1660 467 1716 γὰρ
486 1659 531 1704 τό
548 1662 668 1730 βαι]
706 1661 755 1702 C.
781 1661 831 1701 V.
864 1658 954 1712 τόγε
981 1665 1022 1713 β.
1056 1655 1441 1714 λιτροκτδεκάλιτρος
1470 1658 1618 1714 στατήρ

183 1716 359 1770 ἕξοῖντών
377 1736 417 1760 τε
440 1734 669 1773 πεττογκιον
684 1728 693 1737 ·
725 1716 797 1754 ubi
818 1715 986 1770 legerim
1001 1731 1014 1753 .-

348 1785 422 1838 ἔχω
437 1783 514 1839 γάρ
534 1782 622 1838 τόγε
642 1777 870 1837 βαλᾶντιον,
901 1786 1051 1838 λίτραν,
1081 1784 1145 1824 καὶ
1161 1780 1403 1837 δεκοῖλιτρον,

350 1839 518 1891 ἐξοίνων
535 1857 576 1881 τε
597 1838 667 1882 καὶ
688 1838 933 1894 πεντόγκιον.
963 1861 1015 1869 -—

350 1897 477 1935 habeo
497 1899 601 1935 enim
623 1899 878 1947 marsupium
898 1896 1039 1933 lilram
1060 1902 1097 1933 et
1116 1893 1360 1933 decalitrum

351 1953 654 2004 ltexantamque
671 1961 710 1990 et
725 1953 1012 2003 pentancium.
1044 1973 1101 1981 -—-

172 2017 350 2073 {cuvio
375 2028 483 2072 puto
513 2019 730 2058 Glossema
748 2031 837 2057 esse
868 2031 920 2056 ex
947 2015 1256 2069 superioribus,
1284 2012 1365 2058 ubi.
1388 2010 1620 2069 δεκοῖλιτρον

185 2074 333 2130 σωτήρ
363 2073 601 2113 Corinthiis
634 2073 804 2112 dicitur.
845 2071 982 2123 ἑξάνια
1015 2072 1118 2125 quid
1150 2072 1281 2111 fuerit
1317 2073 1470 2110 Siculis
1504 2080 1622 2125 patet

186 2146 238 2173 ex
257 2132 354 2172 libr.
375 2130 450 2171 IV.
473 2141 563 2183 cap.
589 2129 654 2170 24.
677 2138 786 2168 sect.v
801 2141 835 2170 2.·
863 2143 900 2171 v.
922 2127 961 2169 4.
993 2131 1176 2168 liumus.

297 2195 372 2253 ἐγώ
390 2194 466 2252 γοῖρ
486 2194 534 2239 τό
548 2197 658 2249 fiai-J
697 2195 818 2233 Alius
841 2196 1088 2246 Epicharmi
1119 2199 1250 2246 locus,
1279 2196 1352 2250 qui
1378 2193 1437 2232 ita
1465 2191 1509 2230 in
1527 2193 1622 2232 MS.
1648 2243 1651 2245 ι
1686 2225 1690 2227 .

185 2253 263 2309 ἐγώ
302 2252 379 2307 γάρ
416 2251 505 2307 τόγε
533 2251 746 2305 βαλάντιον
779 2249 1164 2304 λιτροκεδεκσὶλιτρος
1196 2249 1344 2304 uranio
1376 2244 1551 2298 ἑξάντιόν
1581 2263 1621 2290 τε

186 2309 431 2364 πεττόγκιον.
502 2307 582 2348 Sed
620 2306 738 2346 lubet
775 2307 976 2359 aufugere
1013 2305 1139 2355 hinc,
1190 2320 1310 2359 quam
1350 2307 1493 2344 saltem
1534 2318 1622 2343 ver-

187 2367 240 2405 ba
263 2379 397 2406 serere
418 2363 539 2404 rebus
565 2363 728 2402 inania:
760 2360 961 2400 accedant
980 2360 1027 2411 ii,
1061 2361 1134 2414 qui
1156 2375 1299 2417 reapse
1319 2359 1516 2414 prodesse
1537 2359 1622 2398 his-

189 2437 236 2462 ce
267 2421 375 2461 locis
410 2428 598 2473 possunt.
665 2416 778 2456 Illud
803 2413 983 2466 sgdvuov
1016 2431 1115 2456 vero
1138 2431 1214 2469 pro
1233 2417 1350 2458 Iunii
1375 2415 1622 2456 ‚coniectura

189 2491 313 2530 supra
337 2479 459 2515 allata
489 2475 632 2521 fuerit,
660 2474 697 2512 si
725 2472 767 2510 id
791 2471 978 2524 probum.
1037 2472 1103 2511 Ne
1124 2482 1259 2511 tamen
1284 2471 1488 2521 omittam,
1520 2470 1623 2524 quid

187 2532 262 2571 alii
285 2531 336 2570 ad
358 2531 473 2571 hunc
493 2534 647 2579 locum,
675 2529 812 2568 Avum
844 2541 982 2566 meum
1017 2527 1061 2565 in
1092 2527 1165 2566 lib.
1197 2526 1247 2566 de
1273 2527 1478 2566 Numism.
1507 2534 1624 2579 patet

184 2587 335 2643 legisse
357 2585 555 2644 ἑξούγκιον
574 2596 616 2627 et
638 2580 920 2639 πεντούγγιονξ
949 2581 1076 2638 unde,
1097 2582 1238 2630 credo,
1258 2582 1436 2637 arripuit
1455 2592 1498 2622 et
1515 2581 1623 2621 Hoe-
