1690 2996
764 109 818 153 X.
872 114 943 154 22.
1462 110 1568 151 1335

147 224 240 267 libr.
257 223 310 264 V.
333 226 475 265 Βελοπ.
493 235 590 276 pag.
615 233 681 276 9¹·
705 218 972 275 γιγγλυμωτᾶς
998 219 1160 267 σανίδας
1180 217 1475 272 συγκλειομένας
1497 234 1573 259 κα-

147 282 324 328 λωδίοις·
363 278 437 316 ubi
460 281 614 325 σανίδες
640 278 894 331 γιγγλυμωταὶ
922 275 1089 314 tabulae
1110 274 1328 321 dicuntur,
1359 287 1465 326 quae
1483 290 1573 327 γιγ-

147 333 309 392 γλῦμοις
335 343 433 372 sunt
461 341 676 371 consertae
703 341 828 383 atque
856 341 1106 383 compactae.
1165 325 1344 370 suidas.-
1385 331 1573 382 Γιγλύμοι

149 388 398 446 (Γιγγλύμοι)
426 385 659 442 οἷντεμβολαὶ
688 392 805 428 τινῶν
830 387 970 439 ἐξοχαῖν
986 385 1083 434 πρὸς
1101 382 1349 437 κοιλότητας·
1386 385 1569 435 optime3

150 445 263 500 quod
297 445 439 494 itaque
469 457 551 482 non
584 453 746 481 tantum
777 443 819 480 in
854 442 993 479 ianuis
1025 439 1149 478 habet
1174 443 1336 490 locum,
1366 438 1436 478 sed
1461 449 1503 478 et
1527 440 1572 477 in

149 502 244 541 aliis
259 500 449 554 pluribus
459 499 593 538 rebus.
616 498 824 536 cardinem
843 497 983 535 dixere
998 496 1188 534 Romani.
1208 497 1391 533 (ilos-eae:
1426 495 1570 540 Cardo,

148 557 377 613 ytyyh'moc·
408 568 484 594 nec
502 554 583 592 erit
606 553 838 608 qnisquam,
859 562 976 604 puto,
1008 550 1081 603 qui
1101 565 1184 588 non
1206 551 1329 588 istius
1353 549 1411 590 rei
1432 550 1573 602 capiat

150 627 279 652 usum.
337 612 492 650 Totum
513 623 610 648 vero
632 608 818 648 Pollucis
838 611 975 646 locum
999 608 1058 645 sic
1074 606 1173 644 olim
1198 605 1431 644 cohaesisse
1444 616 1572 658 puto:

150 669 218 710 καὶ
232 666 420 721 ῤ’ὁπτρον·
458 682 493 709 τ.
511 682 546 718 γ.
576 665 605 706 ἐ·
626 681 657 705 τ.
679 670 724 705 θ.
749 658 797 706 οὖ
818 681 849 703 τ.
869 659 939 704 ὧν.
957 663 1026 704 καὶ
1046 665 1219 713 κορῶναι
1233 693 1243 711 ,
1274 664 1337 702 καὶ
1357 659 1442 714 κόρ.
1468 665 1516 700 Π.
1534 678 1573 715 γ.

154 725 196 767 ἐν
218 728 263 765 Γ.
285 739 329 775 φ.
347 738 434 764 mx.
454 718 541 772 ἧθ.
571 721 634 761 καὶ
662 726 743 761 ποῦ
767 721 833 760 καὶ
862 733 999 771 στροφ.
1029 717 1072 755 in
1104 716 1290 770 vulgatis
1320 717 1460 770 itaque
1492 716 1574 754 iam

152 789 250 833 post
266 773 499 833 γιγγλόμους
515 785 750 828 sequuntur
769 780 941 826 κορῶναι
957 784 996 814 et
1015 771 1192 824 κόρακες,
1212 786 1385 824 quorum
1400 772 1575 824 primum

153 834 278 873 habes
310 833 352 870 in
387 831 559 871 Homero
585 830 634 869 ad
669 830 789 869 finem
828 830 976 881 Odyss.
1006 830 1037 867 Ι.
1068 826 1305 868 emendabis
1333 826 1393 865 ibi
1419 828 1577 865 Brevia

158 889 349 928 Scholia}
383 883 568 942 Κορῶνῃ,
588 890 643 942 τῷ
654 887 848 941 λεγομένῳ
863 885 1015 938 κόρακι,
1025 889 1077 940 τῷ
1096 882 1314 936 ἐπισπάστῳ
1334 888 1404 932 τῆς
1421 883 1574 934 θύρας·

157 944 311 984 scribes
329 955 339 981 ε
375 939 632 997 ἔπισπάστρῳ.
690 941 769 982 Sed
790 954 998 993 apponere
1017 939 1180 978 iuvabit
1198 939 1416 976 Eustachii
1436 948 1578 976 notam
1609 943 1615 953 “

160 999 210 1038 ad
234 999 345 1038 hunc
365 1000 501 1036 locum
516 1029 529 1046 ,
564 1010 668 1049 quae
689 1010 770 1035 rem
793 1006 920 1034 totam
943 994 1165 1048 expediet.-
1195 993 1362 1046 Κορώνη
1388 995 1428 1035 δὲ
1451 990 1578 1048 ἄργυ-

160 1055 249 1106 (aba,
278 1051 306 1105 ἦ
324 1051 367 1094 τό
387 1052 597 1105 κοράκιον,
626 1049 814 1104 ἢμᾶλλον
839 1048 934 1092 κατὰ
958 1049 1052 1098 τοὺς
1081 1050 1272 1097 παλαιοὺς
1305 1047 1326 1091 ὅ
1357 1052 1514 1102 κρίκος,
1544 1041 1577 1105 ᾦ

158 1112 236 1152 ἔστι
253 1108 326 1160 τὴν
342 1105 473 1161 θύραν
493 1105 690 1156 ἐπερύσαι,
719 1105 842 1160 ἤγουν
860 1104 1033 1151 ἑλκύσαι,
1057 1103 1346 1147 ἐπισπάσασθαι
1359 1117 1369 1126 ·
1401 1102 1494 1146 ὅθεν
1515 1106 1580 1146 καὶ

158 1162 180 1207 ὅ
192 1161 525 1215 ἐπισπαστήρπαᾷ
535 1160 742 1217 Ἥροδότῳ
751 1164 792 1204 ἐν
802 1167 870 1218 τῷ,
881 1159 1159 1215 ἐπιλαβόμενος
1169 1164 1244 1202 τῶν
1255 1159 1553 1213 ἐπισπαστήρων
1566 1173 1577 1184 ·

159 1219 205 1269 ὂς
224 1221 288 1261 καὶ
304 1217 476 1270 ῥόπτρον
494 1219 652 1272 ἐλέγετο,
678 1216 785 1259 καθὰ
804 1221 918 1270 δηλοῖ
934 1219 998 1258 καὶ
1018 1215 1039 1258 6
1059 1215 1190 1266 εἰπών,
1210 1215 1394 1269 ῤ’όπτρον,
1416 1217 1578 1257 ἐπίσπα-

160 1289 276 1328 στρον
290 1272 432 1326 θύρας.
489 1275 562 1321 Εἰς
580 1274 619 1314 δὲ
635 1272 676 1314 τό
695 1270 850 1326 κορώνη
872 1274 995 1324 φασὶν
1020 1273 1232 1314 οἷπαλαιοὶ
1253 1274 1319 1312 καὶ
1338 1278 1477 1312 ταῦτα·
1507 1288 1580 1313 κο-

158 1329 292 1383 ρώνη,
320 1333 391 1371 τοῦ
406 1326 522 1378 τόξου
549 1328 592 1370 τὸ
621 1327 767 1379 ἄκρον,
796 1330 861 1370 καὶ
877 1329 1004 1378 θύρας
1024 1330 1304 1378 ἐπίσπαστρον,
1334 1329 1398 1368 καὶ
1418 1325 1438 1368 ὅ
1459 1325 1581 1379 κόραξ

160 1395 238 1426 etc.
295 1385 364 1423 De
385 1383 554 1440 ῤ’όπτρῳ,
588 1383 700 1438 quod
721 1394 760 1422 et
781 1383 823 1421 in
850 1385 1016 1426 Polluce
1036 1383 1118 1421 fuit
1138 1383 1277 1432 modo,
1298 1382 1395 1421 vide
1413 1384 1582 1433 Harpo-

159 1443 403 1489 orationem,
443 1450 483 1479 et
514 1439 565 1478 ad
598 1453 689 1478 eum
726 1441 1013 1485 Maussacum,
1045 1439 1115 1491 qui
1144 1440 1298 1490 Lysiae
1315 1441 1479 1486 locum,
1506 1438 1581 1476 ubi

158 1510 245 1535 vox
265 1497 334 1534 illa
358 1495 600 1549 reperiatur,
619 1504 923 1533 commonstrat.
957 1495 1191 1532 Callia-enus
1209 1493 1583 1544 apudAthenaeum

158 1550 233 1592 lib.
266 1551 315 1592 V.
344 1551 388 1589 in
419 1552 489 1589 illa
515 1550 848 1589 luculentissima
885 1549 1243 1601 splendidissimae
1275 1549 1415 1596 navis,
1460 1563 1580 1603 quam

155 1606 413 1648 Ptolemaeus
432 1606 620 1658 apparari
638 1606 826 1654 iusserat,
846 1604 1152 1656 descriptione:
1181 1602 1305 1646 καὶτὰ
1322 1603 1469 1656 ῥόπτρα
1486 1602 1583 1658 (τῶν

159 1665 320 1715 θυρῶν)
339 1663 376 1709 ἐξ
396 1662 570 1714 ἐρυθροῦ
588 1658 772 1714 γεγονότα
793 1664 935 1714 χαλκοῦ
955 1661 1026 1712 τὴν
1047 1661 1244 1713 χρύσωσιν
1264 1662 1307 1701 ἐκ
1330 1658 1457 1713 πυρὰς
1481 1657 1582 1710 εἰλή-

161 1732 296 1770 φασιν.
330 1717 575 1769 Hesyclu'um
598 1715 716 1758 adde.
757 1714 920 1768 Κόρακα
940 1730 1039 1754 vero
1066 1730 1156 1754 cum
1179 1729 1252 1767 pro
1275 1718 1440 1768 κιγκλίδι
1459 1714 1583 1766 ponit

165 1773 374 1812 Theocriti
396 1772 670 1819 Scholiasta,
709 1770 820 1809 unde
843 1773 1127 1824 Syracusanus
1145 1771 1214 1810 ille
1234 1770 1477 1809 formaverit
1492 1787 1583 1824 κιγ-

112 1837 118 1844 *
159 1830 298 1877 κλίζειν
312 1827 355 1870 τὸ
375 1826 616 1878 σαλεύεσθαι,
632 1832 831 1868 κινεῖσθαι
843 1838 851 1847 ·
881 1827 959 1865 alia
975 1827 1150 1864 notione
1167 1826 1332 1864 videtur
1348 1839 1582 1879 usurpasse,

159 1897 236 1938 pro
252 1883 366 1929 *ferro
386 1883 578 1920 nimirum
598 1881 797 1934 oblongo,
829 1881 939 1934 quod
959 1882 1123 1920 ianuam
1153 1881 1399 1920 sustineret:
1435 1883 1584 1933 εἴρηται

159 1939 200 1981 δὲ
216 1942 510 1992 μεταφορικῶς,
541 1937 682 1988 inquit
705 1937 775 1976 ine
798 1937 1123 1984 Grammaticus,
1154 1932 1232 1978 οἷπὸ
1255 1941 1324 1987 τῆς
1345 1937 1386 1978 ἐν
1406 1941 1454 1990 τῇ
1473 1936 1584 1989 θύρᾳ

159 1997 373 2049 κιγκλίδος·
405 1995 482 2035 ἔστι
501 1993 540 2034 δὲ
557 1991 678 2045 κόραξ
696 1995 883 2045 σιδηροῦς
901 1993 1096 2045 ἐμπίπτων
1117 1995 1170 2040 εἰς
1190 1990 1231 2034 τό
1251 1994 1381 2044 μέσον,
1411 1992 1475 2032 καὶ
1485 1991 1582 2033 ’ὕπο-

159 2053 313 2104 κρατῶν
328 2047 399 2101 τὴν
417 2047 568 2102 θύραν·
602 2047 671 2087 sed
692 2061 739 2086 ea
761 2058 895 2086 tamen
919 2049 1037 2086 notio
1057 2062 1107 2085 an
1129 2057 1311 2087 veterum
1334 2048 1586 2085 auctoritate

161 2105 316 2144 muniri
343 2104 497 2156 possit,
529 2104 571 2140 in
600 2102 771 2140 dubium
792 2117 920 2152 voco;
950 2112 990 2142 et
1013 2103 1267 2156 ignoraverit
1284 2103 1355 2140 ille
1375 2101 1584 2140 Gramma·

162 2159 488 2207 zicus-forsitan,
518 2157 616 2212 quid
638 2158 807 2210 proprie
828 2158 956 2197 fuerit
971 2157 1111 2210 κόραξ·
1142 2158 1191 2196 de
1210 2160 1375 2211 κιγκλίδι
1391 2170 1489 2195 vero
1502 2156 1586 2194 He-

161 2215 327 2266 sychius
349 2223 390 2252 et
409 2214 563 2252 Suidas
581 2212 732 2251 docent
759 2213 889 2252 fuisse
911 2212 1076 2266 μοχλὸν,
1105 2228 1234 2251 seram
1262 2215 1439 2258 ianuae,
1472 2210 1586 2265 quod

164 2270 350 2320 apprime
367 2273 422 2325 τῷ
437 2271 640 2322 κιγκλίζειν
659 2269 870 2308 convenit.
929 2268 1009 2308 Sed
1032 2268 1228 2319 temporis
1255 2267 1586 2305 contractissima

164 2324 294 2375 spatia
316 2338 378 2363 me
400 2333 621 2376 premunt,
652 2333 698 2360 ut
724 2323 872 2362 addere
902 2324 1010 2362 nihil
1036 2323 1210 2374 amplius
1238 2321 1405 2372 possim,
1443 2331 1484 2360 et
1513 2321 1587 2359 ina

164 2391 371 2430 quoque‚.
394 2393 498 2431 quae
527 2377 678 2426 effudi,
718 2377 925 2431 indigesta
956 2389 997 2418 et
1023 2378 1159 2416 rudia.
1218 2379 1322 2415 Tum
1354 2379 1584 2430 elegantem

162 2433 381 2486 Posidippi
404 2437 540 2471 locum
574 2433 618 2470 in
650 2434 840 2470 Pollucis
870 2443 1115 2472 contextum
1146 2433 1235 2471 iure
1277 2432 1528 2483 postliminii
1563 2445 1586 2470 e

163 2486 287 2524 MSS.
309 2489 607 2528 revocavimus.
645 2497 817 2538 apparet
837 2497 877 2527 et
900 2486 970 2525 hic
991 2488 1034 2525 in
1058 2488 1276 2538 Excerptis
1301 2486 1588 2524 Falckenbicr-

161 2542 324 2592 gianis,
359 2544 430 2583 s'cd
455 2545 615 2583 lacerus
637 2544 896 2598 aliquantum
917 2551 1038 2597 atque
1059 2542 1282 2594 deformis,
1315 2540 1426 2582 unde
1447 2550 1586 2580 tamen
