1690 2996
821 103 899 143 IX.
957 107 1025 148 96.
1534 108 1640 148 1123

216 217 475 278 propositum
510 224 737 268 argentum,
775 214 1100 268 ἕπιδιακείμενον.
1150 224 1213 255 est
1240 215 1343 256 alias
1371 214 1640 269 ἐπιδιατεθει-

220 273 339 327 μένον
356 285 467 322 mox.
492 271 577 311 vid.
600 272 715 312 Suid.
740 272 783 311 in
805 273 1143 316 ἑπιδιαιίθεσθαι.
1173 272 1346 314 Kuann.
1519 276 1521 278 ’

329 325 601 380 ἀναιρεῖσθαι]
633 327 688 367 Et
704 337 845 369 noster
861 338 903 367 et
922 327 1055 366 seben·
1078 328 1169 368 MS.
1189 325 1495 381 ἀναιρήσεσθαι·
1526 324 1642 382 quod

217 382 327 429 ‚mihi
347 381 477 438 inagis
493 385 628 437 placet
648 397 767 438 quam
791 385 1002 437 vulgatum
1028 380 1296 438 α’ναιρεῒσθαι.
1325 384 1454 424 Iuno.
1556 398 1558 400 ·

331 437 590 493 ἀναιρεῖσθαι
613 436 660 481 τό
686 438 1013 492 ἐπιδιακείμενον]
1053 439 1159 480 Cum
1189 439 1376 478 Kuehnio
1401 438 1536 480 textui
1566 436 1643 477 de-

223 492 359 539 dimus
377 489 690 548 α’ναιρήσεσθαι·
717 504 759 534 et
775 494 1006 549 elegantius
1037 508 1157 549 quam
1175 497 1319 549 vulgo,
1347 494 1508 550 ἔμελλεν
1533 490 1644 536 οἶμαι.

222 547 435 606 otiosae-0.
493 551 600 589 Tum
619 563 716 590 vero
735 546 779 592 ιδ
795 550 1106 602 summumve»
1124 550 1256 588 Gellio
1275 549 1359 598 dici
1381 565 1452 590 aee
1464 564 1642 589 manua-

222 609 347 657 rium,
361 604 608 659 Imperatori
628 602 816 649 σύνθεσιν
838 603 1031 645 observat
1047 604 1312 644 casaubonus
1332 605 1382 646 ad
1400 607 1642 659 Augustum

225 661 423 703 Suetonii.
460 661 546 701 alio
570 670 758 714 spectant
775 661 983 700 Ambrosii
1006 659 1056 702 de
1082 661 1208 700 Tabia
1241 675 1332 715 cap.
1370 676 1426 704 tl.
1447 663 1643 715 proposi-

222 719 368 771 tiones,
395 730 468 757 seu
483 718 718 769 positiones,
749 731 883 771 neque
902 716 1011 756 enim
1032 730 1272 771 repugnem,
1301 719 1439 772 legere
1457 717 1640 770 manens,

222 771 274 813 de
296 771 448 827 quibus
468 771 582 812 alias.
638 772 719 813 Sed
744 771 910 812 adverte
932 772 1049 821 mihi,
1081 786 1248 826 quaeso.
1283 772 1642 817 Doctiss.Bulen-

218 841 344 880 geras
366 827 416 867 de
435 828 543 870 Lud.
564 827 653 869 Vee.
675 842 762 881 cap.
784 829 847 882 59.
866 842 984 883 quem
1009 827 1051 867 id
1076 827 1212 881 operis
1243 837 1448 882 optassem
1468 828 1640 868 meliora

222 897 319 923 cura
338 892 463 939 atque
486 882 634 924 ordine
654 884 806 937 aptiori
830 882 1062 938 digessisse,
1094 883 1165 923 hic
1188 884 1231 922 in
1255 885 1430 923 Polluce
1453 898 1536 923 non
1559 885 1640 926 ε’πι-

220 940 468 992 διακείμενον
486 938 603 993 legit,
634 938 706 979 sed
730 937 1059 993 ἐπιδεικνύμενον,
1090 953 1162 979 seu
1200 939 1259 978 ita
1288 938 1507 994 legendum
1542 954 1641 979 cen-

223 994 367 1042 suerit,
398 997 502 1034 male
525 1004 612 1033 tum
634 993 814 1048 quidem,
843 1009 915 1034 seu
935 993 1255 1033 festinabundus
1277 995 1384 1035 vitio
1413 993 1638 1047 descripse-

221 1049 290 1090 rit.
321 1048 521 1104 quicquid
544 1049 760 1104 utriusque
779 1051 834 1088 sit
854 1064 1008 1100 verum,
1038 1050 1097 1088 sio
1117 1063 1159 1089 se
1179 1050 1302 1089 verba
1323 1050 1438 1090 illius
1470 1050 1640 1096 habent.

221 1101 534 1158 ἐπιδεικνύμενον
548 1103 735 1160 ἀργύριον
755 1114 841 1144 erat
856 1109 1034 1157 pecunia
1053 1120 1100 1143 ex
1118 1106 1310 1156 pluribus
1338 1107 1527 1145 manibus
1558 1105 1642 1145 col·-

222 1163 343 1210 leeta,
384 1161 495 1214 quod
521 1175 589 1200 aes
621 1164 887 1200 manum-ium
917 1169 1034 1199 vocat
1059 1161 1228 1210 Gellius,
1266 1171 1308 1201 et
1340 1171 1494 1207 cetera.
1536 1174 1641 1216 quae

221 1215 346 1255 habet
373 1230 426 1256 ex
447 1216 708 1255 Caeaubono.
739 1214 811 1255 sed
842 1215 952 1254 hanc
979 1230 1055 1270 ego
1086 1217 1306 1257 lectionem
1338 1230 1435 1270 prae
1470 1220 1640 1272 vulgata

218 1284 305 1310 non
324 1270 516 1337 deligam,
548 1272 593 1311 in
612 1286 691 1328 qua
710 1285 829 1312 nemo
849 1281 925 1321 est,
960 1272 1031 1326 qui
1050 1271 1197 1311 vitium
1218 1271 1383 1313 haerere
1415 1271 1639 1314 censuerit.

217 1327 317 1366 'rnox
333 1327 458 1381 parili
474 1326 599 1367 modo
626 1327 730 1382 μνᾶν
756 1329 1104 1375 ε’πιδιαιίθεοθαι,
1144 1327 1258 1382 quod
1282 1329 1504 1368 Eustathio
1534 1325 1642 1370 καθ’

218 1381 382 1434 ἑκάστην
399 1381 550 1435 μονάδα
571 1381 758 1437 ἀργύριον
775 1382 929 1435 ὁρίζειν.

327 1441 368 1483 ἐν
393 1441 436 1482 δὲ
459 1439 509 1495 τῇ
538 1435 755 1494 Ἀμειψίου
785 1438 889 1493 Σφ.]
919 1439 1014 1479 MS.
1032 1437 1247 1493 Ἀμειψία.
1306 1438 1566 1489 Exeodem,
1598 1449 1641 1479 et

221 1493 322 1548 quia
342 1509 428 1534 non
451 1495 568 1534 aliter
586 1495 696 1534 infra
714 1494 770 1546 X,
802 1493 888 1536 144.
919 1509 995 1548 pro
1014 1493 1230 1551 Σφενδόνῃ
1268 1496 1496 1548 repositum
1516 1501 1639 1550 Σφεν-

219 1547 332 1607 δόνῃ.
351 1549 449 1590 vide
474 1550 759 1589 casaubonum
786 1550 828 1589 in
846 1552 1105 1591 Athenaeum
1126 1552 1200 1594 fol.
1222 1551 1313 1592 645.
1344 1552 1443 1591 SEB.

330 1607 374 1649 ἔν
397 1607 439 1648 δὲ
468 1605 519 1663 τῇ
541 1602 761 1660 Ἀμειψίου
789 1607 888 1660 Σφ.]
919 1607 966 1649 C.
996 1608 1044 1646 Α.
1073 1609 1117 1649 ἐν
1144 1608 1201 1662 τῷ
1214 1606 1426 1661 Ἀμειψία.
1453 1606 1500 1646 C.
1525 1606 1575 1649 V.
1600 1608 1641 1650 ἕν

217 1662 263 1704 δὲ
279 1659 335 1716 τῷ
350 1660 567 1716 Ἀμειψίου
586 1660 793 1715 Σφενδόνι.
837 1663 963 1704 Salm.
986 1665 1028 1706 ἐν
1055 1663 1097 1705 δὲ
1117 1665 1174 1718 τῷ
1191 1661 1388 1717 Ἀμειψία
1414 1659 1638 1720 Σφενδόνῃ.

219 1719 434 1773 vulgatum
454 1718 605 1758 retinet
625 1719 862 1758 Athenaeus
879 1718 951 1758 lib.
971 1718 1045 1759 VI.
1069 1733 1159 1773 cap.
1184 1731 1250 1760 20.
1282 1719 1457 1758 Kumm.

329 1772 373 1816 ἐν
390 1775 433 1816 δὲ
453 1772 502 1824 τῆ
516 1772 733 1829 Ἀμειψίου
751 1775 846 1827 Σφ.]
876 1774 971 1814 Ms.
993 1775 1035 1816 ἐν
1050 1777 1091 1816 δὲ
1109 1775 1163 1828 τῷ
1181 1773 1401 1829 Ἀμειψίου
1423 1772 1638 1828 Σφενδόνι,

218 1833 296 1872 οἵτε
315 1839 393 1870 etc.
415 1819 525 1868 infra
556 1840 691 1869 tamen
716 1829 778 1880 X,
820 1828 912 1882 144.
943 1838 991 1869 ut
1021 1829 1093 1869 hic
1122 1831 1292 1870 Sabor-ua
1315 1839 1457 1870 noster
1490 1830 1640 1883 edidit,

217 1881 421 1937 Σφενδόνη
446 1894 507 1924 est
534 1885 577 1923 in
606 1886 701 1926 MS.
733 1885 870 1926 etiam.
906 1899 990 1938 quo
1016 1896 1138 1939 pacto
1180 1895 1223 1926 et
1244 1887 1483 1926 Athenaeus
1521 1887 1638 1938 citat,

219 1940 443 1981 adnotante
466 1941 704 1980 casaubono
729 1951 875 1980 nostro
898 1941 972 1982 VI.
994 1940 1038 1980 in
1061 1943 1210 1982 Athen.
1243 1954 1309 1985 20.
1340 1951 1382 1982 et
1412 1942 1457 1980 in
1488 1941 1641 1982 adden-

219 1996 282 2036 dis
301 1996 352 2036 ad
371 1995 524 2035 librum
542 1997 596 2038 X.
622 2010 711 2048 cap.
734 1995 795 2038 15.
816 1997 1023 2036 Athenaei
1043 1996 1149 2036 idem
1170 2012 1319 2038 nomen
1340 1998 1508 2050 reponit
1528 1996 1640 2050 apud

215 2052 597 2104 Dipnosophiatam.
618 2052 777 2103 Palam,
806 2055 873 2092 vel
895 2053 1085 2092 Fundam
1113 2053 1183 2093 hic
1207 2054 1503 2107 interpretatur
1523 2053 1638 2095 Had.

216 2107 364 2147 Iunius
388 2108 446 2148 ΙΙ.
469 2107 755 2147 Animadvers.
772 2107 811 2149 4.
842 2108 968 2149 Iuno.

326 2166 368 2207 ἕν
385 2165 426 2205 δὲ
444 2168 494 2220 τῇ
507 2160 719 2216 Ἀμειψίου
737 2163 838 2216 Σφ.]
867 2164 981 2204 Bene
1001 2178 1043 2205 se
1062 2163 1188 2204 habet
1206 2163 1278 2202 hic
1296 2166 1440 2210 locus‚·
1459 2161 1508 2203 de
1518 2164 1638 2204 Ami-

212 2220 330 2273 paz'ae
347 2219 546 2276 Σφενδόνῃ
566 2229 608 2259 et
638 2220 710 2259 alii
740 2221 864 2259 etiam
890 2220 1126 2260 meminere.
1161 2221 1364 2258 Meursius
1393 2219 1505 2258 illam
1537 2219 1638 2258 hinc

217 2275 390 2315 adducit
416 2276 588 2316 Atticae
620 2275 824 2314 Biblioth.
862 2274 936 2314 1ib.
969 2276 1003 2318 I.
1034 2277 1188 2314 Palam
1217 2274 1546 2328 interpretantur
1571 2278 1640 2316 vel

208 2330 406 2385 fundam,
435 2345 567 2385 neque
583 2331 760 2370 forsitan
780 2332 898 2380 male,
928 2341 975 2370 ut
995 2345 1145 2370 nomen
1165 2329 1312 2370 habere
1329 2330 1516 2383 potuerit
1535 2330 1639 2371 haee

216 2385 446 2427 Comoedia
465 2382 514 2424 ab
537 2388 692 2425 annulo
712 2386 846 2425 mutui
867 2387 1017 2425 amoris
1037 2387 1158 2440 signo
1186 2394 1311 2438 atque
1337 2384 1477 2435 arrha,
1518 2387 1638 2426 cuius

215 2442 259 2482 in
282 2445 375 2495 pala
395 2442 524 2481 fuerit
546 2441 769 2495 insculpta,
797 2441 910 2496 quod
929 2441 1040 2480 haud
1064 2440 1175 2494 apud
1204 2441 1400 2494 antiquos
1435 2441 1636 2490 insolens,
1689 2489 1690 2492 Ἰ

211 2498 372 2537 *amicae
401 2497 545 2552 figura,
583 2510 771 2551 quaeque
796 2498 912 2536 vario
942 2497 998 2535 ait
1025 2496 1149 2536 modo
1179 2510 1252 2550 per
1285 2497 1460 2536 aliorum
1492 2510 1637 2535 manus
1689 2498 1690 2507 ¹

217 2563 376 2607 vagata.
406 2552 545 2594 sedin
564 2553 687 2593 MSS.
716 2566 852 2606 saepe,
893 2551 1006 2606 quod
1040 2551 1192 2604 turbat,
1231 2553 1283 2607 τῷ
1310 2552 1531 2609 Σφενδόνῃ,
1570 2554 1637 2592 vel
