1690 2996
760 122 837 164 IX.
891 127 958 167 86.
1463 124 1565 165 1091

153 237 315 279 Numm.
345 250 435 290 cap.
470 248 531 279 12.
562 245 698 276 tmem.
730 249 768 288 7.
800 235 867 274 cui
897 235 1067 275 videtur
1083 235 1229 274 Polzux
1247 232 1405 274 rem'ad
1426 231 1569 271 vivum

154 307 238 345 non
258 302 439 346 putasse.
471 292 557 333 vid.
587 303 628 332 et
654 294 757 334 Ant.
787 293 1068 343 Augustinum
1094 291 1142 329 ad
1163 293 1326 330 Festum
1347 289 1389 326 in
1410 288 1570 328 Euboi·-

153 349 384 444 ξιὲηιὶωῦἓ
408 350 619 445 Αἱξίἑιὲσο
647 346 756 388 idem
778 348 934 386 Hostus
962 347 1036 390 lib.
1068 347 1149 387 ΙΙΙ.
1178 347 1257 385 Rei
1284 345 1451 408 Numm.
1483 357 1569 397 cap.

236 520 239 523 ¹
263 470 341 514 ταῖν
360 471 401 513 δὲ
420 466 614 524 Σύρων,]
660 467 709 509 C.
738 467 790 508 V.
829 466 873 511 τό
903 464 951 511 δὲ
978 465 1120 523 Σύρων
1148 469 1403 516 πεντακοσίας
1421 470 1488 510 καῖ
1507 484 1572 510 τε-

157 529 293 582 τρακὶς
310 529 460 583 χιλίας·
489 523 536 568 τδ
551 527 593 567 δὲ
615 524 845 579 Αἰγυπτίων
865 522 918 572 οἷς
937 521 1035 576 ηρός
1056 519 1120 565 τδν
1140 520 1210 573 τῆς
1229 522 1417 574 Ἀττικῆς
1444 527 1477 566 δ.
1501 529 1571 565 λο-

157 575 310 636 γισμόν.
338 585 416 636 leg.
448 578 628 634 τετράκις
658 597 695 634 χ.
752 579 952 634 Aegyptii
982 579 1127 619 talenti
1161 582 1340 619 valorem
1372 593 1455 618 non
1490 594 1573 618 ex-

157 637 325 691 primit,
354 636 425 677 sed
453 637 496 675 in
529 649 679 693 genere
709 635 838 681 dicit,
883 633 925 673 id
957 634 1276 688 computandum
1312 648 1399 675 esse
1427 649 1574 674 secun-

160 691 258 732 dum
278 693 440 733 Atticae
458 691 672 732 drachmae
692 691 911 731 rationem.
943 689 1028 728 vid.
1060 690 1243 730 Plinium
1263 690 1339 732 lib.
1364 690 1571 730 XXXIII.

161 761 248 804 cap.
280 749 319 791 3.
346 749 524 790 Salmas.
556 762 613 786 an
634 746 978 799 πεντακισχιλίαςῗ
1008 746 1185 787 Kumm.

268 822 347 869 τὸν
361 827 403 868 δὲ
424 824 618 888 lupam]
647 825 744 864 MS.
771 823 816 867 το“
834 826 875 867 δὲ
895 822 1051 877 Σύρων,
1083 833 1130 863 ut
1150 834 1269 865 antea
1288 825 1574 877 Βαβυλωνίων·

162 889 205 921 et
221 895 317 921 mox
345 895 398 920 ex
425 882 517 921 MS.
557 883 658 919 aha:
690 894 774 919 non
802 881 944 933 itaque
965 880 1254 920 emendatione
1272 881 1437 918 Budaei
1454 894 1574 932 opus.

165 934 248 977 Sed
268 937 421 975 Pollux
438 937 562 976 etiam
577 934 746 973 mutilus
767 935 836 973 hic
858 943 933 984 est,
964 934 1260 988 addideratque
1281 934 1331 975 de
1360 936 1514 975 Cilicio
1534 944 1576 974 et

164 991 374 1046 Aegyptio
390 994 570 1041 talento,
597 1003 702 1044 quae
722 991 811 1031 MS.
842 1001 982 1029 noster
1002 991 1240 1038 reservavit,
1270 1001 1317 1030 ut
1338 1002 1379 1030 et
1401 990 1450 1031 de
1469 992 1576 1043 Syro

168 1049 340 1099 talento,
369 1045 480 1100 quod
498 1060 583 1085 non
603 1048 746 1085 saltem
773 1045 1018 1098 quingentas
1047 1055 1087 1084 et
1112 1045 1226 1085 mille
1260 1046 1450 1086 continet
1481 1048 1578 1085 dra-

168 1101 330 1152 chmas,
358 1111 406 1141 ut
440 1104 632 1156 vulgatus
676 1102 833 1140 Pollux
875 1110 916 1140 et
951 1100 1102 1140 Hostus
1129 1114 1181 1139 ex
1211 1115 1260 1140 eo
1289 1101 1362 1140 lib.
1391 1101 1469 1140 111.
1497 1102 1578 1141 Rei

166 1157 333 1197 Nun-m.
369 1171 456 1210 cap.
491 1169 550 1197 12.
591 1167 661 1196 tm.
697 1155 735 1197 8.
767 1165 808 1196 et
835 1155 907 1195 lib.
936 1157 995 1195 11.
1038 1155 1087 1194 de
1121 1155 1346 1196 Ponderib.
1394 1171 1483 1210 cap.
1515 1157 1578 1201 14,

167 1221 238 1251 tm.
267 1224 307 1252 2.
336 1226 377 1252 u.
406 1213 444 1252 5.
481 1211 551 1251 sed
587 1211 837 1264 quingentas
865 1221 905 1250 et
937 1222 1081 1263 quater
1108 1212 1310 1252 millenas.
1367 1212 1434 1252 Sic
1468 1214 1580 1253 enim

167 1276 282 1306 totus
307 1269 424 1306 locus
457 1267 501 1306 in
533 1268 705 1305 Polluce
730 1266 968 1305 scribendus
998 1276 1038 1304 et
1064 1266 1317 1319 supplendus
1337 1277 1398 1308 est
1419 1284 1470 1308 ex
1489 1268 1579 1310 MS.

164 1321 226 1363 ita
244 1320 445 1363 habente:
472 1319 519 1365 τό
548 1324 590 1364 δὲ
610 1319 774 1376 Σύρων,
802 1324 1058 1370 πεντακοσίας
1083 1325 1149 1363 καὶ
1175 1327 1503 1377 τετρακισχιλίας·
1533 1324 1581 1367 τό

166 1379 210 1420 δὲ
243 1381 442 1424 Κιλίκων.
480 1380 728 1431 τρισχιλίας·
764 1375 810 1419 ro¹
840 1380 883 1420 δὲ
911 1380 1163 1430 Αἰγυπτίων.
1202 1382 1486 1429 πεντακοσίας·
1526 1380 1581 1428 ὥς

167 1429 349 1488 πρός,το“ν
369 1431 440 1483 τῆς
459 1431 641 1483 Ἀττικῆς
660 1436 722 1487 ὄρ.
752 1437 835 1486 λογ.
861 1432 935 1471 ubi
956 1432 1072 1473 vides
1094 1434 1348 1487 Aegyptium
1370 1435 1478 1475 inter
1501 1436 1582 1475 ista

168 1502 258 1529 esse
281 1489 511 1529 minimum.
567 1489 666 1529 Non
700 1489 841 1542 itaque
873 1487 999 1528 video
1029 1489 1239 1542 quomodo
1260 1489 1367 1529 idem
1389 1491 1468 1529 erit
1487 1506 1581 1530 cum

166 1543 311 1586 Attico
334 1557 509 1599 magno,
552 1543 897 1598 quemadmodum
935 1545 1090 1583 censeri
1125 1544 1184 1584 ait
1212 1549 1365 1586 Hostus
1391 1546 1466 1588 lib.
1497 1547 1581 1585 III.

168 1599 249 1640 Rei
267 1599 432 1646 Numm.
464 1614 496 1642 c.
537 1612 594 1640 12.
626 1610 697 1639 tm.
728 1613 767 1654 9.
824 1600 938 1638 Alias
968 1598 1016 1638 de
1039 1600 1116 1638 hac
1142 1601 1290 1640 talenti
1314 1601 1510 1642 varietate
1530 1617 1583 1642 ex

169 1655 340 1694 Budaeo
356 1654 462 1695 idem
482 1657 642 1694 Hostus
663 1655 735 1698 lib.
768 1655 848 1694 111.
878 1669 913 1694 c.
947 1653 1008 1695 13.
1065 1655 1194 1696 que.

279 1733 360 1776 τῶν
379 1732 421 1774 δὲ
440 1731 594 1787 Σύρων,
623 1735 913 1782 πεντακοσίας,
944 1735 1012 1774 καῖ
1034 1733 1103 1787 χ.]
1138 1733 1297 1788 Insigni
1327 1734 1586 1786 locupletio-

168 1801 252 1827 rem
275 1788 344 1828 hic
369 1788 572 1829 Pollucem
603 1798 824 1844 augmento
853 1788 1041 1828 fecimus.
1078 1787 1187 1826 nihil
1216 1797 1304 1828 erat
1336 1789 1378 1827 in
1401 1790 1584 1843 vulgatis

172 1841 242 1883 de>
259 1843 436 1883 Cilicum
474 1845 865 1899 Aegyptiorumque
907 1847 1086 1894 talento,
1133 1858 1237 1898 quae
1267 1853 1403 1883 tamen
1444 1845 1584 1883 omnia

171 1899 334 1953 egregie
361 1904 558 1954 supplent
585 1911 626 1940 et
660 1900 889 1940 restituunt
922 1899 1045 1940 MSS.
1082 1899 1125 1938 in
1159 1899 1303 1952 paucis
1334 1899 1587 1939 dissentiunt

171 1954 548 2009 Falckenburgiani
568 1954 741 1998 Codicis
759 1956 966 2008 Excerpta
978 1985 988 2005 ,
1019 1955 1175 2011 quippe
1198 1969 1302 2009 quae
1322 1965 1417 2007 post
1434 1972 1588 1997 πεντα-

170 2012 307 2060 κοσίας
337 2013 405 2052 καὶ
433 2015 580 2065 χιλίας,
611 2011 738 2050 sicuti
767 2010 811 2048 in
842 2012 1021 2065 vulgatis
1049 2020 1136 2052 erat
1166 2021 1263 2064 post
1282 2011 1360 2052 τῶν
1385 2009 1431 2054 δὲ
1447 2009 1588 2065 Σύρων

172 2065 399 2119 scriptum,
427 2067 655 2107 subiiciant
680 2065 865 2105 demum:
893 2070 973 2108 τῶν
992 2068 1036 2109 δὲ
1050 2066 1225 2110 Κιλίκων
1240 2069 1478 2121 τρισχιλίας·
1507 2067 1589 2110 τῶν

173 2122 217 2162 δὲ
235 2123 471 2174 Αἰγυπτίων
488 2123 747 2169 πεντακοσίας
766 2124 834 2163 καὶ
851 2125 1003 2176 χιλίας·
1033 2121 1104 2162 sed
1127 2132 1262 2162 tamen
1277 2152 1287 2168 ‚
1318 2122 1399 2160 nisi
1429 2135 1491 2161 me
1509 2136 1589 2161 ve-

173 2175 300 2230 stigia
317 2177 477 2225 fallant,
499 2179 543 2217 in
562 2179 655 2231 ipso
675 2177 764 2217 MS.
797 2177 955 2218 Codice
972 2193 1055 2218 non
1076 2178 1197 2217 aliter
1217 2177 1359 2216 extitit
1380 2191 1426 2215 ac
1447 2177 1491 2214 in
1516 2190 1588 2216 ce-

173 2232 272 2271 teris
292 2233 416 2274 MSS.
447 2234 519 2274 sed
544 2235 616 2288 qui
639 2233 740 2272 haec
762 2231 987 2286 decerpsit,
1020 2234 1149 2287 ipsam
1171 2242 1315 2271 textus
1342 2233 1588 2271 variantiam

175 2285 391 2327 adnotasse
419 2302 571 2343 susque
603 2289 735 2343 deque
775 2288 938 2328 habuit.
994 2291 1102 2328 Tum
1130 2301 1298 2341 quoque
1336 2290 1463 2340 paulo
1493 2297 1590 2341 post

175 2340 285 2390 fnit·
313 2341 412 2395 πρδς
443 2344 511 2387 τόν
534 2339 718 2393 Ἀττικῆς
745 2346 806 2396 δρ.
836 2344 910 2383 ubi
937 2342 1008 2395 τῆς
1030 2354 1125 2383 ante
1144 2339 1324 2391 Ἀττικῆς
1341 2343 1589 2382 inseruimus

175 2395 380 2440 lubentes.
437 2401 563 2440 Hunc
595 2408 732 2440 autem
764 2401 941 2440 Pollucis
970 2399 1103 2438 nostri
1133 2407 1266 2438 totum
1286 2401 1422 2437 locum
1451 2397 1500 2438 de
1520 2398 1591 2436 di-

178 2462 296 2492 verso
322 2457 570 2495 talentorum
604 2454 809 2507 cuiusque
837 2455 985 2508 populi
1022 2457 1160 2494 valore
1191 2452 1385 2503 adduxit,
1417 2453 1462 2491 in
1487 2453 1591 2506 qui-

180 2501 346 2547 busdam
367 2509 591 2551 illustravit
612 2510 734 2549 etiam
758 2513 932 2550 Snellius
948 2524 1042 2564 pag.
1071 2508 1137 2550 41.
1167 2522 1304 2563 neque
1331 2522 1495 2562 operam
1519 2511 1591 2546 lu-

182 2560 303 2613 seris,
331 2565 366 2603 si
387 2565 565 2605 Sardum
591 2566 642 2606 de
671 2566 863 2605 Nummis
890 2580 982 2620 pag.
1018 2578 1080 2620 19.
1110 2573 1151 2604 et
1169 2574 1354 2618 sequent.
1386 2563 1591 2616 inspicere
