<?xml version="1.0" encoding="UTF-8"?>
<!DOCTYPE html PUBLIC "-//W3C//DTD XHTML 1.0 Transitional//EN"
    "http://www.w3.org/TR/xhtml1/DTD/xhtml1-transitional.dtd">
<html xmlns="http://www.w3.org/1999/xhtml" xml:lang="en" lang="en">
 <head>
  <title>
</title>
<meta http-equiv="Content-Type" content="text/html;charset=utf-8" />
  <meta name='ocr-system' content='tesseract 3.04.00' />
  <meta name='ocr-capabilities' content='ocr_page ocr_carea ocr_par ocr_line ocrx_word'/>
</head>
<body>
  <div class='ocr_page' id='page_1' title='image "./p2onomastic05polluoft_0112.png"; bbox 0 0 1716 3016; ppageno 0'>
   <div class='ocr_carea' id='block_1_1' title="bbox 204 81 1019 147">
    <p class='ocr_par' dir='ltr' id='par_1_1' title="bbox 204 81 1019 147">
     <span class='ocr_line' id='line_1_1' title="bbox 204 81 1019 147; baseline 0 -3"><span class='ocrx_word' id='word_1_1' title='bbox 204 103 288 144; x_wconf 80' lang='lat'><strong>962</strong></span> <span class='ocrx_word' id='word_1_2' title='bbox 818 102 894 144; x_wconf 79' lang='lat' dir='ltr'><strong>rx,</strong></span> <span class='ocrx_word' id='word_1_3' title='bbox 933 81 935 85; x_wconf 47' lang='lat'><em>⁴</em></span> <span class='ocrx_word' id='word_1_4' title='bbox 953 92 1019 147; x_wconf 84' lang='lat'><strong>55.</strong></span> 
     </span>
    </p>
   </div>
   <div class='ocr_carea' id='block_1_2' title="bbox 196 212 1626 2492">
    <p class='ocr_par' dir='ltr' id='par_1_2' title="bbox 203 212 1626 366">
     <span class='ocr_line' id='line_1_2' title="bbox 204 212 1626 270; baseline 0.001 -19"><span class='ocrx_word' id='word_1_5' title='bbox 204 215 272 251; x_wconf 85' lang='lat' dir='ltr'><strong>vel</strong></span> <span class='ocrx_word' id='word_1_6' title='bbox 288 212 598 265; x_wconf 42' lang='lat' dir='ltr'><strong>*sesquioboluffi</strong></span> <span class='ocrx_word' id='word_1_7' title='bbox 625 213 820 266; x_wconf 76' lang='grc' dir='ltr'><strong><em>ΊῚισοΡῘιν.</em></strong></span> <span class='ocrx_word' id='word_1_8' title='bbox 834 214 878 253; x_wconf 87' lang='lat' dir='ltr'><strong>in</strong></span> <span class='ocrx_word' id='word_1_9' title='bbox 893 213 1082 255; x_wconf 79' lang='lat' dir='ltr'><strong>Charaet.</strong></span> <span class='ocrx_word' id='word_1_10' title='bbox 1099 215 1190 270; x_wconf 72' lang='grc' dir='ltr'><strong>περὶ</strong></span> <span class='ocrx_word' id='word_1_11' title='bbox 1208 212 1414 264; x_wconf 64' lang='lat' dir='ltr'><strong>damulae,</strong></span> <span class='ocrx_word' id='word_1_12' title='bbox 1426 213 1501 253; x_wconf 85' lang='lat' dir='ltr'><strong>ubi</strong></span> <span class='ocrx_word' id='word_1_13' title='bbox 1523 225 1626 253; x_wconf 83' lang='lat' dir='ltr'><strong>con-·</strong></span> 
     </span>
     <span class='ocr_line' id='line_1_3' title="bbox 203 267 1622 325; baseline 0.004 -19"><span class='ocrx_word' id='word_1_14' title='bbox 203 270 292 307; x_wconf 86' lang='lat' dir='ltr'><strong>sule</strong></span> <span class='ocrx_word' id='word_1_15' title='bbox 312 267 468 311; x_wconf 88' lang='lat' dir='ltr'><strong>Comm.</strong></span> <span class='ocrx_word' id='word_1_16' title='bbox 495 270 728 312; x_wconf 84' lang='lat' dir='ltr'><strong>Casaubon.</strong></span> <span class='ocrx_word' id='word_1_17' title='bbox 747 283 841 324; x_wconf 84' lang='lat' dir='ltr'><strong>pag.</strong></span> <span class='ocrx_word' id='word_1_18' title='bbox 866 268 957 325; x_wconf 72' lang='lat'><strong>187.</strong></span> <span class='ocrx_word' id='word_1_19' title='bbox 989 279 1031 310; x_wconf 89' lang='lat' dir='ltr'><strong>et</strong></span> <span class='ocrx_word' id='word_1_20' title='bbox 1057 269 1246 311; x_wconf 85' lang='lat' dir='ltr'><strong>invenies</strong></span> <span class='ocrx_word' id='word_1_21' title='bbox 1274 272 1394 323; x_wconf 77' lang='lat' dir='ltr'><strong>plura</strong></span> <span class='ocrx_word' id='word_1_22' title='bbox 1423 272 1622 323; x_wconf 79' lang='lat' dir='ltr'><strong>exempla.</strong></span> 
     </span>
     <span class='ocr_line' id='line_1_4' title="bbox 203 324 359 366; baseline 0.013 -5"><span class='ocrx_word' id='word_1_23' title='bbox 203 324 359 366; x_wconf 63' lang='lat' dir='ltr'><strong>Sanun.</strong></span> 
     </span>
    </p>

    <p class='ocr_par' dir='ltr' id='par_1_3' title="bbox 196 378 1625 2427">
     <span class='ocr_line' id='line_1_5' title="bbox 313 378 1622 433; baseline -0.003 -11"><span class='ocrx_word' id='word_1_24' title='bbox 313 382 404 433; x_wconf 83' lang='grc' dir='ltr'><strong><em>τρία</em></strong></span> <span class='ocrx_word' id='word_1_25' title='bbox 429 378 696 433; x_wconf 74' lang='grc' dir='ltr'><strong><em>ἡμιτάλαντα]</em></strong></span> <span class='ocrx_word' id='word_1_26' title='bbox 733 380 849 421; x_wconf 85' lang='lat' dir='ltr'><strong>Haec</strong></span> <span class='ocrx_word' id='word_1_27' title='bbox 885 395 1007 421; x_wconf 88' lang='lat' dir='ltr'><strong>nemo</strong></span> <span class='ocrx_word' id='word_1_28' title='bbox 1049 380 1127 420; x_wconf 84' lang='lat' dir='ltr'><strong>tibi</strong></span> <span class='ocrx_word' id='word_1_29' title='bbox 1158 379 1386 419; x_wconf 80' lang='lat' dir='ltr'>illustrabit</span> <span class='ocrx_word' id='word_1_30' title='bbox 1417 379 1622 420; x_wconf 74' lang='lat' dir='ltr'>eruditius</span> 
     </span>
     <span class='ocr_line' id='line_1_6' title="bbox 205 436 1621 490; baseline 0.001 -17"><span class='ocrx_word' id='word_1_31' title='bbox 205 447 326 487; x_wconf 85' lang='lat' dir='ltr'><strong>quam</strong></span> <span class='ocrx_word' id='word_1_32' title='bbox 346 450 516 490; x_wconf 84' lang='lat' dir='ltr'><strong>maguus</strong></span> <span class='ocrx_word' id='word_1_33' title='bbox 536 437 811 487; x_wconf 71' lang='lat' dir='ltr'><strong>casaubonus,</strong></span> <span class='ocrx_word' id='word_1_34' title='bbox 840 446 888 475; x_wconf 87' lang='lat' dir='ltr'><strong>ut</strong></span> <span class='ocrx_word' id='word_1_35' title='bbox 912 437 1034 476; x_wconf 85' lang='lat' dir='ltr'><strong>etiarn</strong></span> <span class='ocrx_word' id='word_1_36' title='bbox 1055 436 1259 475; x_wconf 84' lang='lat' dir='ltr'><strong>indicavit</strong></span> <span class='ocrx_word' id='word_1_37' title='bbox 1287 436 1448 475; x_wconf 76' lang='lat' dir='ltr'><strong>Seberus</strong></span> <span class='ocrx_word' id='word_1_38' title='bbox 1467 446 1621 485; x_wconf 79' lang='lat' dir='ltr'><strong>noster,</strong></span> 
     </span>
     <span class='ocr_line' id='line_1_7' title="bbox 203 489 1623 546; baseline 0 -16"><span class='ocrx_word' id='word_1_39' title='bbox 203 490 247 527; x_wconf 88' lang='lat' dir='ltr'><strong>in</strong></span> <span class='ocrx_word' id='word_1_40' title='bbox 267 491 424 533; x_wconf 89' lang='lat' dir='ltr'><strong>Comm.</strong></span> <span class='ocrx_word' id='word_1_41' title='bbox 443 490 494 530; x_wconf 84' lang='lat' dir='ltr'><strong>ad</strong></span> <span class='ocrx_word' id='word_1_42' title='bbox 521 492 779 543; x_wconf 65' lang='lat' dir='ltr'><strong>Theophrast.</strong></span> <span class='ocrx_word' id='word_1_43' title='bbox 800 491 990 532; x_wconf 75' lang='lat' dir='ltr'><strong>Charact.</strong></span> <span class='ocrx_word' id='word_1_44' title='bbox 1007 493 1097 546; x_wconf 80' lang='grc' dir='ltr'><strong><em>περὶ</em></strong></span> <span class='ocrx_word' id='word_1_45' title='bbox 1114 491 1316 540; x_wconf 78' lang='grc' dir='ltr'><strong><em>άπονοίας,</em></strong></span> <span class='ocrx_word' id='word_1_46' title='bbox 1337 491 1388 530; x_wconf 86' lang='lat' dir='ltr'><strong>ad</strong></span> <span class='ocrx_word' id='word_1_47' title='bbox 1408 489 1528 531; x_wconf 74' lang='lat' dir='ltr'><strong>verbs</strong></span> <span class='ocrx_word' id='word_1_48' title='bbox 1545 491 1623 530; x_wconf 79' lang='lat' dir='ltr'><strong>tria</strong></span> 
     </span>
     <span class='ocr_line' id='line_1_8' title="bbox 203 545 1623 600; baseline -0.003 -14"><span class='ocrx_word' id='word_1_49' title='bbox 203 545 443 600; x_wconf 78' lang='grc' dir='ltr'><strong><em>ἧμιωβόλια·</em></strong></span> <span class='ocrx_word' id='word_1_50' title='bbox 472 556 615 586; x_wconf 80' lang='lat' dir='ltr'><strong>extant</strong></span> <span class='ocrx_word' id='word_1_51' title='bbox 633 547 743 587; x_wconf 88' lang='lat' dir='ltr'><strong>enim</strong></span> <span class='ocrx_word' id='word_1_52' title='bbox 763 547 835 586; x_wconf 83' lang='lat' dir='ltr'><strong>ina</strong></span> <span class='ocrx_word' id='word_1_53' title='bbox 853 561 876 586; x_wconf 82' lang='lat' dir='ltr'><strong>a</strong></span> <span class='ocrx_word' id='word_1_54' title='bbox 901 549 1068 586; x_wconf 80' lang='lat' dir='ltr'><em>Polluce</em></span> <span class='ocrx_word' id='word_1_55' title='bbox 1087 547 1167 587; x_wconf 84' lang='lat' dir='ltr'><strong>hoc</strong></span> <span class='ocrx_word' id='word_1_56' title='bbox 1186 551 1281 586; x_wconf 82' lang='lat' dir='ltr'><strong>loco</strong></span> <span class='ocrx_word' id='word_1_57' title='bbox 1301 550 1463 600; x_wconf 76' lang='lat' dir='ltr'><strong>prolata</strong></span> <span class='ocrx_word' id='word_1_58' title='bbox 1483 545 1623 584; x_wconf 84' lang='lat' dir='ltr'><strong>dicen-</strong></span> 
     </span>
     <span class='ocr_line' id='line_1_9' title="bbox 205 596 1624 656; baseline 0.004 -18"><span class='ocrx_word' id='word_1_59' title='bbox 205 600 248 639; x_wconf 87' lang='lat' dir='ltr'><strong>di</strong></span> <span class='ocrx_word' id='word_1_60' title='bbox 277 616 427 656; x_wconf 83' lang='lat' dir='ltr'><strong>genera</strong></span> <span class='ocrx_word' id='word_1_61' title='bbox 458 601 569 655; x_wconf 83' lang='lat' dir='ltr'><strong>apud</strong></span> <span class='ocrx_word' id='word_1_62' title='bbox 596 602 926 654; x_wconf 75' lang='lat' dir='ltr'><em>Demosthenem,</em></span> <span class='ocrx_word' id='word_1_63' title='bbox 960 611 1008 641; x_wconf 91' lang='lat' dir='ltr'><strong>ut</strong></span> <span class='ocrx_word' id='word_1_64' title='bbox 1036 603 1117 641; x_wconf 92' lang='lat' dir='ltr'><strong>hoc</strong></span> <span class='ocrx_word' id='word_1_65' title='bbox 1145 602 1282 656; x_wconf 87' lang='lat' dir='ltr'><strong>ipsum</strong></span> <span class='ocrx_word' id='word_1_66' title='bbox 1311 605 1401 655; x_wconf 87' lang='grc' dir='ltr'><strong><em>τρία</em></strong></span> <span class='ocrx_word' id='word_1_67' title='bbox 1425 596 1624 652; x_wconf 73' lang='grc' dir='ltr'><strong><em>ἧμιμναῖα</em></strong></span> 
     </span>
     <span class='ocr_line' id='line_1_10' title="bbox 205 657 1622 711; baseline 0.001 -16"><span class='ocrx_word' id='word_1_68' title='bbox 205 658 409 710; x_wconf 81' lang='lat' dir='ltr'><strong>(quamvis</strong></span> <span class='ocrx_word' id='word_1_69' title='bbox 437 667 479 698; x_wconf 89' lang='lat' dir='ltr'><strong>et</strong></span> <span class='ocrx_word' id='word_1_70' title='bbox 505 667 646 697; x_wconf 85' lang='lat' dir='ltr'><strong>noster</strong></span> <span class='ocrx_word' id='word_1_71' title='bbox 672 657 762 699; x_wconf 87' lang='lat' dir='ltr'><strong>MS.</strong></span> <span class='ocrx_word' id='word_1_72' title='bbox 790 657 860 696; x_wconf 88' lang='lat' dir='ltr'><strong>hic</strong></span> <span class='ocrx_word' id='word_1_73' title='bbox 885 667 1230 711; x_wconf 79' lang='lat' dir='ltr'><strong>proparoxytone</strong></span> <span class='ocrx_word' id='word_1_74' title='bbox 1256 657 1467 711; x_wconf 70' lang='grc' dir='ltr'><strong><em>ἡμίμναια)</em></strong></span> <span class='ocrx_word' id='word_1_75' title='bbox 1500 658 1542 695; x_wconf 87' lang='lat' dir='ltr'><strong>in</strong></span> <span class='ocrx_word' id='word_1_76' title='bbox 1576 672 1622 697; x_wconf 80' lang='lat' dir='ltr'><strong>ea</strong></span> 
     </span>
     <span class='ocr_line' id='line_1_11' title="bbox 204 712 1623 766; baseline 0.002 -16"><span class='ocrx_word' id='word_1_77' title='bbox 204 723 349 752; x_wconf 89' lang='lat' dir='ltr'><strong>contra</strong></span> <span class='ocrx_word' id='word_1_78' title='bbox 376 714 632 752; x_wconf 76' lang='lat' dir='ltr'><strong>Theocrinem</strong></span> <span class='ocrx_word' id='word_1_79' title='bbox 661 722 795 752; x_wconf 82' lang='lat' dir='ltr'><strong>extat:</strong></span> <span class='ocrx_word' id='word_1_80' title='bbox 833 713 908 751; x_wconf 85' lang='lat' dir='ltr'><strong>ubi</strong></span> <span class='ocrx_word' id='word_1_81' title='bbox 936 724 1070 753; x_wconf 83' lang='lat' dir='ltr'><strong>tamen</strong></span> <span class='ocrx_word' id='word_1_82' title='bbox 1100 727 1259 766; x_wconf 80' lang='lat' dir='ltr'>semper</span> <span class='ocrx_word' id='word_1_83' title='bbox 1284 715 1424 766; x_wconf 79' lang='lat' dir='ltr'><strong>lapsus</strong></span> <span class='ocrx_word' id='word_1_84' title='bbox 1455 712 1623 756; x_wconf 79' lang='lat' dir='ltr'><strong>doctiss.</strong></span> 
     </span>
     <span class='ocr_line' id='line_1_12' title="bbox 203 767 1622 822; baseline 0.001 -17"><span class='ocrx_word' id='word_1_85' title='bbox 203 767 418 821; x_wconf 73' lang='lat' dir='ltr'>interpres,</span> <span class='ocrx_word' id='word_1_86' title='bbox 463 769 659 807; x_wconf 79' lang='lat' dir='ltr'><strong>Graeculo</strong></span> <span class='ocrx_word' id='word_1_87' title='bbox 690 769 924 807; x_wconf 75' lang='lat' dir='ltr'><strong>Scholiaste</strong></span> <span class='ocrx_word' id='word_1_88' title='bbox 946 771 1050 808; x_wconf 81' lang='lat' dir='ltr'><strong>male</strong></span> <span class='ocrx_word' id='word_1_89' title='bbox 1076 769 1198 807; x_wconf 84' lang='lat' dir='ltr'><strong>etiam</strong></span> <span class='ocrx_word' id='word_1_90' title='bbox 1234 769 1482 822; x_wconf 81' lang='lat' dir='ltr'><strong>explicante.</strong></span> <span class='ocrx_word' id='word_1_91' title='bbox 1542 767 1622 808; x_wconf 79' lang='lat' dir='ltr'><strong>Sed</strong></span> 
     </span>
     <span class='ocr_line' id='line_1_13' title="bbox 202 821 1623 877; baseline 0.002 -16"><span class='ocrx_word' id='word_1_92' title='bbox 202 821 271 861; x_wconf 80' lang='lat' dir='ltr'><strong>adi</strong></span> <span class='ocrx_word' id='word_1_93' title='bbox 304 825 393 877; x_wconf 83' lang='lat' dir='ltr'><strong>ipse</strong></span> <span class='ocrx_word' id='word_1_94' title='bbox 421 825 541 863; x_wconf 87' lang='lat' dir='ltr'><strong>illum</strong></span> <span class='ocrx_word' id='word_1_95' title='bbox 573 824 814 877; x_wconf 86' lang='lat' dir='ltr'><strong>omniiugae</strong></span> <span class='ocrx_word' id='word_1_96' title='bbox 846 824 1098 863; x_wconf 84' lang='lat' dir='ltr'><strong>eruditionis</strong></span> <span class='ocrx_word' id='word_1_97' title='bbox 1133 824 1291 863; x_wconf 88' lang='lat' dir='ltr'><strong>fontem</strong></span> <span class='ocrx_word' id='word_1_98' title='bbox 1322 824 1623 864; x_wconf 67' lang='lat' dir='ltr'><strong>casaubonum.</strong></span> 
     </span>
     <span class='ocr_line' id='line_1_14' title="bbox 202 878 1623 921; baseline 0.002 -6"><span class='ocrx_word' id='word_1_99' title='bbox 202 888 246 917; x_wconf 76' lang='lat' dir='ltr'><strong>et</strong></span> <span class='ocrx_word' id='word_1_100' title='bbox 266 879 363 919; x_wconf 86' lang='lat' dir='ltr'><strong>vide</strong></span> <span class='ocrx_word' id='word_1_101' title='bbox 381 880 505 920; x_wconf 84' lang='lat' dir='ltr'><strong>etiam</strong></span> <span class='ocrx_word' id='word_1_102' title='bbox 529 880 664 919; x_wconf 85' lang='lat' dir='ltr'><strong>Avum</strong></span> <span class='ocrx_word' id='word_1_103' title='bbox 687 889 875 918; x_wconf 84' lang='lat' dir='ltr'><strong>nostrum</strong></span> <span class='ocrx_word' id='word_1_104' title='bbox 894 880 937 917; x_wconf 89' lang='lat' dir='ltr'><strong>in</strong></span> <span class='ocrx_word' id='word_1_105' title='bbox 959 879 1031 921; x_wconf 87' lang='lat' dir='ltr'><strong>lib.</strong></span> <span class='ocrx_word' id='word_1_106' title='bbox 1053 878 1104 917; x_wconf 89' lang='lat' dir='ltr'><strong>de</strong></span> <span class='ocrx_word' id='word_1_107' title='bbox 1125 879 1328 918; x_wconf 79' lang='lat' dir='ltr'><strong>Numism.</strong></span> <span class='ocrx_word' id='word_1_108' title='bbox 1345 879 1420 919; x_wconf 87' lang='lat' dir='ltr'><strong>ubi</strong></span> <span class='ocrx_word' id='word_1_109' title='bbox 1441 878 1491 918; x_wconf 85' lang='lat' dir='ltr'><strong>de</strong></span> <span class='ocrx_word' id='word_1_110' title='bbox 1509 890 1623 918; x_wconf 85' lang='lat' dir='ltr'><strong>utro·</strong></span> 
     </span>
     <span class='ocr_line' id='line_1_15' title="bbox 203 932 1624 988; baseline 0.003 -16"><span class='ocrx_word' id='word_1_111' title='bbox 203 947 283 986; x_wconf 85' lang='lat' dir='ltr'><strong>que</strong></span> <span class='ocrx_word' id='word_1_112' title='bbox 299 936 528 974; x_wconf 76' lang='lat' dir='ltr'><strong>locutionis</strong></span> <span class='ocrx_word' id='word_1_113' title='bbox 552 948 700 988; x_wconf 83' lang='lat' dir='ltr'><strong>genere</strong></span> <span class='ocrx_word' id='word_1_114' title='bbox 723 937 855 986; x_wconf 80' lang='grc' dir='ltr'><em>τρίτου</em></span> <span class='ocrx_word' id='word_1_115' title='bbox 882 932 1160 988; x_wconf 74' lang='grc' dir='ltr'><strong><em>ἧμιταλάντου,</em></strong></span> <span class='ocrx_word' id='word_1_116' title='bbox 1197 943 1239 974; x_wconf 87' lang='lat' dir='ltr'><strong>et</strong></span> <span class='ocrx_word' id='word_1_117' title='bbox 1266 934 1389 988; x_wconf 76' lang='grc' dir='ltr'><strong><em>τριοῖν</em></strong></span> <span class='ocrx_word' id='word_1_118' title='bbox 1414 932 1624 985; x_wconf 73' lang='grc' dir='ltr'><strong><em>ἡμιταλάν-</em></strong></span> 
     </span>
     <span class='ocr_line' id='line_1_16' title="bbox 199 990 1624 1045; baseline -0.001 -15"><span class='ocrx_word' id='word_1_119' title='bbox 199 1007 278 1031; x_wconf 89' lang='grc' dir='ltr'><strong>των</strong></span> <span class='ocrx_word' id='word_1_120' title='bbox 296 1005 462 1045; x_wconf 90' lang='lat' dir='ltr'><strong>quoque</strong></span> <span class='ocrx_word' id='word_1_121' title='bbox 483 990 582 1043; x_wconf 82' lang='lat' dir='ltr'><strong>agit,</strong></span> <span class='ocrx_word' id='word_1_122' title='bbox 613 991 875 1044; x_wconf 80' lang='lat' dir='ltr'><strong>illustratque</strong></span> <span class='ocrx_word' id='word_1_123' title='bbox 895 1004 947 1029; x_wconf 86' lang='lat' dir='ltr'><strong>ex</strong></span> <span class='ocrx_word' id='word_1_124' title='bbox 967 990 1167 1028; x_wconf 82' lang='lat' dir='ltr'><strong>Herodoti</strong></span> <span class='ocrx_word' id='word_1_125' title='bbox 1181 991 1276 1029; x_wconf 90' lang='lat' dir='ltr'><strong>loco</strong></span> <span class='ocrx_word' id='word_1_126' title='bbox 1296 991 1339 1029; x_wconf 87' lang='lat' dir='ltr'><strong>in</strong></span> <span class='ocrx_word' id='word_1_127' title='bbox 1364 990 1518 1039; x_wconf 69' lang='lat' dir='ltr'><strong>Chone,</strong></span> <span class='ocrx_word' id='word_1_128' title='bbox 1550 990 1624 1028; x_wconf 81' lang='lat' dir='ltr'><strong>ubi</strong></span> 
     </span>
     <span class='ocr_line' id='line_1_17' title="bbox 203 1044 1623 1100; baseline -0.001 -16"><span class='ocrx_word' id='word_1_129' title='bbox 203 1059 371 1099; x_wconf 88' lang='lat' dir='ltr'><strong>quoque</strong></span> <span class='ocrx_word' id='word_1_130' title='bbox 389 1048 555 1099; x_wconf 77' lang='grc' dir='ltr'><strong><em>ἕβδομον</em></strong></span> <span class='ocrx_word' id='word_1_131' title='bbox 574 1044 835 1094; x_wconf 72' lang='grc' dir='ltr'><strong><em>ἦμιτάλαντον</em></strong></span> <span class='ocrx_word' id='word_1_132' title='bbox 860 1045 1010 1094; x_wconf 85' lang='lat' dir='ltr'><strong>habes,</strong></span> <span class='ocrx_word' id='word_1_133' title='bbox 1048 1054 1091 1084; x_wconf 86' lang='lat' dir='ltr'><strong>et</strong></span> <span class='ocrx_word' id='word_1_134' title='bbox 1119 1054 1239 1084; x_wconf 83' lang='lat' dir='ltr'><strong>notat</strong></span> <span class='ocrx_word' id='word_1_135' title='bbox 1267 1059 1432 1100; x_wconf 87' lang='lat' dir='ltr'><strong>quoque</strong></span> <span class='ocrx_word' id='word_1_136' title='bbox 1461 1047 1623 1097; x_wconf 84' lang='lat' dir='ltr'><strong>lapsum</strong></span> 
     </span>
     <span class='ocr_line' id='line_1_18' title="bbox 201 1100 1625 1155; baseline 0.001 -16"><span class='ocrx_word' id='word_1_137' title='bbox 201 1100 474 1155; x_wconf 77' lang='lat' dir='ltr'><strong>interpretum</strong></span> <span class='ocrx_word' id='word_1_138' title='bbox 503 1102 788 1139; x_wconf 73' lang='lat' dir='ltr'><strong>Demosthenis</strong></span> <span class='ocrx_word' id='word_1_139' title='bbox 822 1101 866 1138; x_wconf 89' lang='lat' dir='ltr'><strong>in</strong></span> <span class='ocrx_word' id='word_1_140' title='bbox 889 1101 1173 1155; x_wconf 73' lang='lat' dir='ltr'><strong>Andrptiana.</strong></span> <span class='ocrx_word' id='word_1_141' title='bbox 1202 1102 1450 1140; x_wconf 75' lang='lat' dir='ltr'><em>Priscianus</em></span> <span class='ocrx_word' id='word_1_142' title='bbox 1470 1100 1541 1140; x_wconf 90' lang='lat' dir='ltr'><strong>lib.</strong></span> <span class='ocrx_word' id='word_1_143' title='bbox 1574 1100 1625 1140; x_wconf 84' lang='lat' dir='ltr'><strong>de</strong></span> 
     </span>
     <span class='ocr_line' id='line_1_19' title="bbox 202 1156 1624 1211; baseline 0.001 -17"><span class='ocrx_word' id='word_1_144' title='bbox 202 1157 370 1211; x_wconf 84' lang='lat' dir='ltr'><strong>Figuris</strong></span> <span class='ocrx_word' id='word_1_145' title='bbox 390 1170 655 1196; x_wconf 86' lang='lat' dir='ltr'><strong>numerorum</strong></span> <span class='ocrx_word' id='word_1_146' title='bbox 679 1165 755 1195; x_wconf 80' lang='lat' dir='ltr'><strong>etc.</strong></span> <span class='ocrx_word' id='word_1_147' title='bbox 772 1158 1001 1206; x_wconf 64' lang='lat' dir='ltr'><strong>Sestertiua,</strong></span> <span class='ocrx_word' id='word_1_148' title='bbox 1045 1157 1143 1194; x_wconf 86' lang='lat' dir='ltr'><strong>olim</strong></span> <span class='ocrx_word' id='word_1_149' title='bbox 1169 1156 1399 1207; x_wconf 71' lang='lat' dir='ltr'><strong>dupondius</strong></span> <span class='ocrx_word' id='word_1_150' title='bbox 1427 1165 1465 1194; x_wconf 84' lang='lat' dir='ltr'><strong>et</strong></span> <span class='ocrx_word' id='word_1_151' title='bbox 1487 1159 1624 1204; x_wconf 71' lang='lat' dir='ltr'><strong>semis,</strong></span> 
     </span>
     <span class='ocr_line' id='line_1_20' title="bbox 203 1212 1622 1265; baseline -0.001 -14"><span class='ocrx_word' id='word_1_152' title='bbox 203 1216 327 1265; x_wconf 76' lang='lat' dir='ltr'><strong>quasi</strong></span> <span class='ocrx_word' id='word_1_153' title='bbox 349 1214 625 1261; x_wconf 73' lang='lat' dir='ltr'><strong>semistertius,</strong></span> <span class='ocrx_word' id='word_1_154' title='bbox 657 1226 734 1264; x_wconf 85' lang='lat' dir='ltr'><strong>quo</strong></span> <span class='ocrx_word' id='word_1_155' title='bbox 755 1220 929 1263; x_wconf 82' lang='lat' dir='ltr'><strong>tempore</strong></span> <span class='ocrx_word' id='word_1_156' title='bbox 947 1212 1141 1250; x_wconf 81' lang='lat' dir='ltr'><strong>denarius</strong></span> <span class='ocrx_word' id='word_1_157' title='bbox 1152 1212 1329 1251; x_wconf 74' lang='lat' dir='ltr'><strong>decussis</strong></span> <span class='ocrx_word' id='word_1_158' title='bbox 1344 1212 1518 1252; x_wconf 72' lang='lat' dir='ltr'><strong>valebat.</strong></span> <span class='ocrx_word' id='word_1_159' title='bbox 1547 1213 1622 1251; x_wconf 78' lang='lat' dir='ltr'><strong>hoe</strong></span> 
     </span>
     <span class='ocr_line' id='line_1_21' title="bbox 201 1268 1622 1320; baseline -0.001 -14"><span class='ocrx_word' id='word_1_160' title='bbox 201 1276 274 1319; x_wconf 77' lang='lat' dir='ltr'><strong>eet,</strong></span> <span class='ocrx_word' id='word_1_161' title='bbox 301 1277 396 1320; x_wconf 81' lang='lat' dir='ltr'><strong>post</strong></span> <span class='ocrx_word' id='word_1_162' title='bbox 416 1268 512 1313; x_wconf 87' lang='lat' dir='ltr'><strong>duo,</strong></span> <span class='ocrx_word' id='word_1_163' title='bbox 542 1282 706 1319; x_wconf 80' lang='lat' dir='ltr'><strong>sequens</strong></span> <span class='ocrx_word' id='word_1_164' title='bbox 725 1270 845 1306; x_wconf 85' lang='lat' dir='ltr'><strong>tertio</strong></span> <span class='ocrx_word' id='word_1_165' title='bbox 869 1269 957 1306; x_wconf 82' lang='lat' dir='ltr'><strong>loco</strong></span> <span class='ocrx_word' id='word_1_166' title='bbox 979 1276 1040 1306; x_wconf 87' lang='lat' dir='ltr'><strong>est</strong></span> <span class='ocrx_word' id='word_1_167' title='bbox 1058 1269 1190 1308; x_wconf 71' lang='lat' dir='ltr'><strong>semi-⁹.</strong></span> <span class='ocrx_word' id='word_1_168' title='bbox 1257 1270 1350 1306; x_wconf 84' lang='lat' dir='ltr'><strong>Hoc</strong></span> <span class='ocrx_word' id='word_1_169' title='bbox 1376 1282 1533 1320; x_wconf 83' lang='lat' dir='ltr'><strong>quoque</strong></span> <span class='ocrx_word' id='word_1_170' title='bbox 1563 1282 1622 1306; x_wconf 78' lang='lat' dir='ltr'><strong>se-</strong></span> 
     </span>
     <span class='ocr_line' id='line_1_22' title="bbox 201 1320 1623 1376; baseline 0 -15"><span class='ocrx_word' id='word_1_171' title='bbox 201 1325 379 1362; x_wconf 82' lang='lat' dir='ltr'><strong>cundum</strong></span> <span class='ocrx_word' id='word_1_172' title='bbox 403 1324 565 1362; x_wconf 83' lang='lat' dir='ltr'><strong>Atticos</strong></span> <span class='ocrx_word' id='word_1_173' title='bbox 596 1331 634 1360; x_wconf 84' lang='lat' dir='ltr'><strong>et</strong></span> <span class='ocrx_word' id='word_1_174' title='bbox 659 1323 788 1374; x_wconf 82' lang='lat' dir='ltr'><strong>Iones,</strong></span> <span class='ocrx_word' id='word_1_175' title='bbox 822 1325 894 1375; x_wconf 85' lang='lat' dir='ltr'><strong>qui</strong></span> <span class='ocrx_word' id='word_1_176' title='bbox 916 1320 1038 1376; x_wconf 72' lang='grc' dir='ltr'><strong><em>ἥμισυ</em></strong></span> <span class='ocrx_word' id='word_1_177' title='bbox 1070 1324 1196 1376; x_wconf 85' lang='grc' dir='ltr'><strong><em>τρίτον</em></strong></span> <span class='ocrx_word' id='word_1_178' title='bbox 1220 1322 1422 1372; x_wconf 80' lang='lat' dir='ltr'><strong>dicebant,</strong></span> <span class='ocrx_word' id='word_1_179' title='bbox 1449 1337 1525 1374; x_wconf 85' lang='lat' dir='ltr'><strong>pro</strong></span> <span class='ocrx_word' id='word_1_180' title='bbox 1554 1321 1623 1365; x_wconf 76' lang='grc' dir='ltr'><strong>δύο</strong></span> 
     </span>
     <span class='ocr_line' id='line_1_23' title="bbox 199 1375 1623 1431; baseline -0.001 -14"><span class='ocrx_word' id='word_1_181' title='bbox 199 1375 336 1431; x_wconf 75' lang='grc' dir='ltr'><strong><em>ἥμισυ,</em></strong></span> <span class='ocrx_word' id='word_1_182' title='bbox 368 1387 464 1417; x_wconf 73' lang='lat' dir='ltr'><strong>teste</strong></span> <span class='ocrx_word' id='word_1_183' title='bbox 488 1380 613 1416; x_wconf 82' lang='lat' dir='ltr'><strong>etiam</strong></span> <span class='ocrx_word' id='word_1_184' title='bbox 630 1377 836 1430; x_wconf 84' lang='lat' dir='ltr'><strong>Didymo,</strong></span> <span class='ocrx_word' id='word_1_185' title='bbox 871 1381 941 1431; x_wconf 80' lang='lat' dir='ltr'><strong>qui</strong></span> <span class='ocrx_word' id='word_1_186' title='bbox 955 1379 1032 1417; x_wconf 76' lang='lat' dir='ltr'><strong>hoe</strong></span> <span class='ocrx_word' id='word_1_187' title='bbox 1048 1382 1183 1428; x_wconf 74' lang='lat' dir='ltr'><strong>ponit,</strong></span> <span class='ocrx_word' id='word_1_188' title='bbox 1214 1378 1420 1418; x_wconf 77' lang='lat' dir='ltr'><strong>ostendens</strong></span> <span class='ocrx_word' id='word_1_189' title='bbox 1443 1381 1489 1416; x_wconf 84' lang='lat' dir='ltr'><strong>in</strong></span> <span class='ocrx_word' id='word_1_190' title='bbox 1514 1381 1623 1417; x_wconf 86' lang='lat' dir='ltr'><strong>omni</strong></span> 
     </span>
     <span class='ocr_line' id='line_1_24' title="bbox 198 1433 1624 1487; baseline 0 -15"><span class='ocrx_word' id='word_1_191' title='bbox 198 1443 318 1487; x_wconf 84' lang='lat' dir='ltr'><strong>parte</strong></span> <span class='ocrx_word' id='word_1_192' title='bbox 341 1436 541 1472; x_wconf 81' lang='lat' dir='ltr'><strong>orationis</strong></span> <span class='ocrx_word' id='word_1_193' title='bbox 560 1442 598 1471; x_wconf 84' lang='lat' dir='ltr'><strong>et</strong></span> <span class='ocrx_word' id='word_1_194' title='bbox 619 1436 933 1473; x_wconf 73' lang='lat' dir='ltr'><strong>constructionis</strong></span> <span class='ocrx_word' id='word_1_195' title='bbox 947 1435 1184 1486; x_wconf 75' lang='lat' dir='ltr'><strong>analogiam</strong></span> <span class='ocrx_word' id='word_1_196' title='bbox 1199 1433 1447 1473; x_wconf 82' lang='lat' dir='ltr'><strong>Graecorum</strong></span> <span class='ocrx_word' id='word_1_197' title='bbox 1465 1443 1624 1473; x_wconf 77' lang='lat' dir='ltr'><strong>secutos</strong></span> 
     </span>
     <span class='ocr_line' id='line_1_25' title="bbox 199 1489 1622 1542; baseline -0.001 -13"><span class='ocrx_word' id='word_1_198' title='bbox 199 1505 282 1529; x_wconf 79' lang='lat' dir='ltr'><strong>esse</strong></span> <span class='ocrx_word' id='word_1_199' title='bbox 311 1491 529 1533; x_wconf 73' lang='lat' dir='ltr'><strong>Romanos.</strong></span> <span class='ocrx_word' id='word_1_200' title='bbox 600 1489 714 1527; x_wconf 82' lang='lat' dir='ltr'><strong>Unde</strong></span> <span class='ocrx_word' id='word_1_201' title='bbox 737 1499 776 1528; x_wconf 83' lang='lat' dir='ltr'><strong>et</strong></span> <span class='ocrx_word' id='word_1_202' title='bbox 800 1489 1043 1530; x_wconf 75' lang='lat' dir='ltr'><strong>Herodotus</strong></span> <span class='ocrx_word' id='word_1_203' title='bbox 1081 1493 1127 1528; x_wconf 81' lang='lat' dir='ltr'><strong>in</strong></span> <span class='ocrx_word' id='word_1_204' title='bbox 1158 1492 1294 1542; x_wconf 84' lang='lat' dir='ltr'><strong>primo</strong></span> <span class='ocrx_word' id='word_1_205' title='bbox 1323 1491 1622 1538; x_wconf 78' lang='lat' dir='ltr'><strong>Historiarum,</strong></span> 
     </span>
     <span class='ocr_line' id='line_1_26' title="bbox 199 1543 1623 1602; baseline -0.001 -13"><span class='ocrx_word' id='word_1_206' title='bbox 199 1547 370 1590; x_wconf 74' lang='grc' dir='ltr'><strong><em>ἐποιέετο</em></strong></span> <span class='ocrx_word' id='word_1_207' title='bbox 391 1546 433 1588; x_wconf 83' lang='grc' dir='ltr'><strong>δὲ</strong></span> <span class='ocrx_word' id='word_1_208' title='bbox 450 1548 516 1587; x_wconf 79' lang='grc' dir='ltr'><strong>καῖ</strong></span> <span class='ocrx_word' id='word_1_209' title='bbox 535 1547 692 1602; x_wconf 58' lang='grc' dir='ltr'><strong><em>λέοντος</em></strong></span> <span class='ocrx_word' id='word_1_210' title='bbox 704 1543 835 1588; x_wconf 73' lang='grc' dir='ltr'><strong><em>εἰκόνα</em></strong></span> <span class='ocrx_word' id='word_1_211' title='bbox 855 1546 1005 1599; x_wconf 83' lang='grc' dir='ltr'><em>χρυσοῦ</em></span> <span class='ocrx_word' id='word_1_212' title='bbox 1023 1544 1233 1598; x_wconf 72' lang='grc' dir='ltr'><strong><em>ἀπέφθου,</em></strong></span> <span class='ocrx_word' id='word_1_213' title='bbox 1271 1547 1464 1587; x_wconf 76' lang='grc' dir='ltr'><strong><em>ἕλκουσαν</em></strong></span> <span class='ocrx_word' id='word_1_214' title='bbox 1490 1553 1623 1588; x_wconf 76' lang='grc' dir='ltr'><strong><em>σταθ-</em></strong></span> 
     </span>
     <span class='ocr_line' id='line_1_27' title="bbox 199 1599 1622 1658; baseline -0.001 -14"><span class='ocrx_word' id='word_1_215' title='bbox 199 1600 274 1658; x_wconf 75' lang='grc' dir='ltr'><strong>μδν</strong></span> <span class='ocrx_word' id='word_1_216' title='bbox 293 1600 465 1644; x_wconf 87' lang='grc' dir='ltr'><strong><em>τάλαντα</em></strong></span> <span class='ocrx_word' id='word_1_217' title='bbox 490 1602 605 1643; x_wconf 79' lang='grc' dir='ltr'><strong><em>δέκα·</em></strong></span> <span class='ocrx_word' id='word_1_218' title='bbox 641 1602 755 1650; x_wconf 75' lang='grc' dir='ltr'><strong><em>οὗτος</em></strong></span> <span class='ocrx_word' id='word_1_219' title='bbox 785 1601 808 1642; x_wconf 80' lang='grc' dir='ltr'><em>ὅ</em></span> <span class='ocrx_word' id='word_1_220' title='bbox 831 1602 951 1651; x_wconf 84' lang='grc' dir='ltr'><strong><em>λέων,</em></strong></span> <span class='ocrx_word' id='word_1_221' title='bbox 986 1599 1123 1651; x_wconf 68' lang='grc' dir='ltr'><strong><em>ἐπειδή</em></strong></span> <span class='ocrx_word' id='word_1_222' title='bbox 1149 1603 1376 1644; x_wconf 72' lang='grc' dir='ltr'><strong><em>κατεκαίετο</em></strong></span> <span class='ocrx_word' id='word_1_223' title='bbox 1407 1601 1432 1644; x_wconf 80' lang='grc' dir='ltr'><em>ὅ</em></span> <span class='ocrx_word' id='word_1_224' title='bbox 1461 1602 1504 1643; x_wconf 76' lang='grc' dir='ltr'><strong>ἐν</strong></span> <span class='ocrx_word' id='word_1_225' title='bbox 1521 1606 1622 1644; x_wconf 69' lang='grc' dir='ltr'><strong><em>Λελ-</em></strong></span> 
     </span>
     <span class='ocr_line' id='line_1_28' title="bbox 198 1653 1623 1712; baseline -0.001 -12"><span class='ocrx_word' id='word_1_226' title='bbox 198 1661 308 1712; x_wconf 73' lang='grc' dir='ltr'><strong>ᾳοῖσι</strong></span> <span class='ocrx_word' id='word_1_227' title='bbox 331 1656 436 1709; x_wconf 81' lang='grc' dir='ltr'><strong><em>νηός,</em></strong></span> <span class='ocrx_word' id='word_1_228' title='bbox 466 1658 676 1700; x_wconf 70' lang='grc' dir='ltr'><em>κατέπεσεν</em></span> <span class='ocrx_word' id='word_1_229' title='bbox 707 1653 790 1700; x_wconf 62' lang='lat' dir='ltr'><strong>dno*</strong></span> <span class='ocrx_word' id='word_1_230' title='bbox 815 1661 892 1698; x_wconf 77' lang='grc' dir='ltr'><strong><em>ταῖν</em></strong></span> <span class='ocrx_word' id='word_1_231' title='bbox 919 1657 1214 1709; x_wconf 76' lang='grc' dir='ltr'><strong><em>ἡμιπλινθίων·</em></strong></span> <span class='ocrx_word' id='word_1_232' title='bbox 1243 1656 1311 1700; x_wconf 75' lang='grc' dir='ltr'><strong>ἐπὶ</strong></span> <span class='ocrx_word' id='word_1_233' title='bbox 1329 1655 1404 1711; x_wconf 76' lang='grc' dir='ltr'><strong>γάρ</strong></span> <span class='ocrx_word' id='word_1_234' title='bbox 1430 1654 1623 1700; x_wconf 77' lang='grc' dir='ltr'><strong><em>τούτοισιν</em></strong></span> 
     </span>
     <span class='ocr_line' id='line_1_29' title="bbox 200 1712 1621 1768; baseline -0.001 -11"><span class='ocrx_word' id='word_1_235' title='bbox 200 1718 355 1767; x_wconf 79' lang='grc' dir='ltr'><strong><em>ἵδρυτο·</em></strong></span> <span class='ocrx_word' id='word_1_236' title='bbox 379 1715 446 1755; x_wconf 85' lang='grc' dir='ltr'><strong>καὶ</strong></span> <span class='ocrx_word' id='word_1_237' title='bbox 464 1714 532 1754; x_wconf 81' lang='grc' dir='ltr'><strong>νῦν</strong></span> <span class='ocrx_word' id='word_1_238' title='bbox 556 1715 682 1756; x_wconf 73' lang='grc' dir='ltr'><strong><em>κεῖται</em></strong></span> <span class='ocrx_word' id='word_1_239' title='bbox 703 1716 743 1755; x_wconf 80' lang='grc' dir='ltr'><strong><em>ἔν</em></strong></span> <span class='ocrx_word' id='word_1_240' title='bbox 761 1714 814 1767; x_wconf 80' lang='grc' dir='ltr'><strong>τῷ</strong></span> <span class='ocrx_word' id='word_1_241' title='bbox 836 1716 1067 1768; x_wconf 73' lang='grc' dir='ltr'><strong><em>Κορινθίων</em></strong></span> <span class='ocrx_word' id='word_1_242' title='bbox 1083 1714 1282 1767; x_wconf 72' lang='grc' dir='ltr'><strong><em>θησαυρῷ</em></strong></span> <span class='ocrx_word' id='word_1_243' title='bbox 1295 1715 1420 1755; x_wconf 76' lang='grc' dir='ltr'><strong><em>ἕλκων</em></strong></span> <span class='ocrx_word' id='word_1_244' title='bbox 1440 1712 1621 1764; x_wconf 77' lang='grc' dir='ltr'><strong><em>σταθμδν</em></strong></span> 
     </span>
     <span class='ocr_line' id='line_1_30' title="bbox 201 1764 1623 1824; baseline -0.001 -12"><span class='ocrx_word' id='word_1_245' title='bbox 201 1773 362 1824; x_wconf 75' lang='grc' dir='ltr'><strong><em>ἕβδομον</em></strong></span> <span class='ocrx_word' id='word_1_246' title='bbox 378 1767 658 1822; x_wconf 74' lang='grc' dir='ltr'><strong><em>ἡμιτάλαντον·</em></strong></span> <span class='ocrx_word' id='word_1_247' title='bbox 687 1764 906 1811; x_wconf 64' lang='grc' dir='ltr'><strong><em>*εἰδούλων</em></strong></span> <span class='ocrx_word' id='word_1_248' title='bbox 935 1770 1012 1811; x_wconf 80' lang='grc' dir='ltr'><strong>τῶν</strong></span> <span class='ocrx_word' id='word_1_249' title='bbox 1038 1770 1130 1810; x_wconf 80' lang='grc' dir='ltr'><strong><em>δέκα</em></strong></span> <span class='ocrx_word' id='word_1_250' title='bbox 1161 1770 1356 1811; x_wconf 76' lang='grc' dir='ltr'><strong><em>ταλάντων</em></strong></span> <span class='ocrx_word' id='word_1_251' title='bbox 1378 1766 1623 1822; x_wconf 71' lang='grc' dir='ltr'><strong><em>γεγενῆσθαι</em></strong></span> 
     </span>
     <span class='ocr_line' id='line_1_31' title="bbox 198 1822 1623 1879; baseline -0.002 -10"><span class='ocrx_word' id='word_1_252' title='bbox 198 1825 267 1869; x_wconf 75' lang='grc' dir='ltr'><strong>τόν</strong></span> <span class='ocrx_word' id='word_1_253' title='bbox 284 1828 439 1869; x_wconf 85' lang='grc' dir='ltr'><strong><em>λέοντα·</em></strong></span> <span class='ocrx_word' id='word_1_254' title='bbox 467 1826 682 1878; x_wconf 72' lang='grc' dir='ltr'><strong><em>καταλέγει,</em></strong></span> <span class='ocrx_word' id='word_1_255' title='bbox 712 1825 810 1879; x_wconf 68' lang='grc' dir='ltr'><strong><em>ἔχειν</em></strong></span> <span class='ocrx_word' id='word_1_256' title='bbox 832 1828 998 1877; x_wconf 76' lang='grc' dir='ltr'><strong><em>ἕβδομον</em></strong></span> <span class='ocrx_word' id='word_1_257' title='bbox 1023 1822 1306 1878; x_wconf 74' lang='grc' dir='ltr'><strong><em>ἡμιτάλαντον·</em></strong></span> <span class='ocrx_word' id='word_1_258' title='bbox 1343 1826 1553 1874; x_wconf 84' lang='grc' dir='ltr'><strong><em>τουτέστιν,</em></strong></span> <span class='ocrx_word' id='word_1_259' title='bbox 1579 1827 1623 1876; x_wconf 67' lang='grc' dir='ltr'><strong>’ἓξ</strong></span> 
     </span>
     <span class='ocr_line' id='line_1_32' title="bbox 197 1879 1623 1936; baseline -0.004 -11"><span class='ocrx_word' id='word_1_260' title='bbox 197 1883 319 1936; x_wconf 81' lang='grc' dir='ltr'><strong><em>ἥμισυ</em></strong></span> <span class='ocrx_word' id='word_1_261' title='bbox 341 1879 526 1923; x_wconf 83' lang='grc' dir='ltr'><strong><em>τάλαντα.</em></strong></span> <span class='ocrx_word' id='word_1_262' title='bbox 556 1882 777 1932; x_wconf 80' lang='lat' dir='ltr'><strong>Septimum</strong></span> <span class='ocrx_word' id='word_1_263' title='bbox 799 1882 1096 1919; x_wconf 81' lang='lat' dir='ltr'><strong>semitalentum</strong></span> <span class='ocrx_word' id='word_1_264' title='bbox 1114 1880 1220 1918; x_wconf 82' lang='lat' dir='ltr'><strong>dixit</strong></span> <span class='ocrx_word' id='word_1_265' title='bbox 1235 1893 1312 1930; x_wconf 86' lang='lat' dir='ltr'><strong>pro</strong></span> <span class='ocrx_word' id='word_1_266' title='bbox 1327 1893 1394 1917; x_wconf 73' lang='lat' dir='ltr'><strong>sex</strong></span> <span class='ocrx_word' id='word_1_267' title='bbox 1412 1883 1528 1919; x_wconf 81' lang='lat' dir='ltr'><strong>semis</strong></span> <span class='ocrx_word' id='word_1_268' title='bbox 1550 1888 1623 1919; x_wconf 84' lang='lat' dir='ltr'><strong>ta-</strong></span> 
     </span>
     <span class='ocr_line' id='line_1_33' title="bbox 199 1934 1622 1986; baseline -0.003 -8"><span class='ocrx_word' id='word_1_269' title='bbox 199 1941 323 1978; x_wconf 76' lang='lat' dir='ltr'><strong>lenta.</strong></span> <span class='ocrx_word' id='word_1_270' title='bbox 379 1937 494 1975; x_wconf 81' lang='lat' dir='ltr'><strong>Haec</strong></span> <span class='ocrx_word' id='word_1_271' title='bbox 510 1935 595 1986; x_wconf 87' lang='lat' dir='ltr'><strong>ille,</strong></span> <span class='ocrx_word' id='word_1_272' title='bbox 624 1945 666 1976; x_wconf 88' lang='lat' dir='ltr'><strong>et</strong></span> <span class='ocrx_word' id='word_1_273' title='bbox 684 1936 855 1975; x_wconf 84' lang='lat' dir='ltr'><strong>mutilus</strong></span> <span class='ocrx_word' id='word_1_274' title='bbox 881 1945 923 1975; x_wconf 89' lang='lat' dir='ltr'><strong>et</strong></span> <span class='ocrx_word' id='word_1_275' title='bbox 947 1935 1180 1975; x_wconf 87' lang='lat' dir='ltr'><strong>mendosus.</strong></span> <span class='ocrx_word' id='word_1_276' title='bbox 1223 1934 1432 1974; x_wconf 80' lang='lat' dir='ltr'><strong>defectum</strong></span> <span class='ocrx_word' id='word_1_277' title='bbox 1458 1949 1510 1974; x_wconf 82' lang='lat' dir='ltr'><strong>ex</strong></span> <span class='ocrx_word' id='word_1_278' title='bbox 1529 1937 1622 1974; x_wconf 83' lang='lat' dir='ltr'><strong>He-</strong></span> 
     </span>
     <span class='ocr_line' id='line_1_34' title="bbox 199 1987 1621 2046; baseline -0.001 -13"><span class='ocrx_word' id='word_1_279' title='bbox 199 1995 334 2034; x_wconf 83' lang='lat' dir='ltr'><strong>rodoti</strong></span> <span class='ocrx_word' id='word_1_280' title='bbox 355 1993 495 2032; x_wconf 88' lang='lat' dir='ltr'><strong>Clione</strong></span> <span class='ocrx_word' id='word_1_281' title='bbox 519 2006 608 2044; x_wconf 82' lang='lat' dir='ltr'><strong>cap.</strong></span> <span class='ocrx_word' id='word_1_282' title='bbox 639 1991 706 2031; x_wconf 90' lang='lat'><strong>50.</strong></span> <span class='ocrx_word' id='word_1_283' title='bbox 730 1993 787 2030; x_wconf 89' lang='lat' dir='ltr'><strong>ita</strong></span> <span class='ocrx_word' id='word_1_284' title='bbox 808 1995 978 2046; x_wconf 84' lang='lat' dir='ltr'><strong>supple:</strong></span> <span class='ocrx_word' id='word_1_285' title='bbox 1020 1989 1303 2044; x_wconf 75' lang='grc' dir='ltr'><strong><em>ἡμιτάλαντον·</em></strong></span> <span class='ocrx_word' id='word_1_286' title='bbox 1341 1987 1514 2042; x_wconf 75' lang='grc' dir='ltr'><strong><em>ἀπετάκη</em></strong></span> <span class='ocrx_word' id='word_1_287' title='bbox 1542 1989 1621 2044; x_wconf 75' lang='grc' dir='ltr'><strong>γάρ</strong></span> 
     </span>
     <span class='ocr_line' id='line_1_35' title="bbox 199 2046 1622 2102; baseline -0.004 -10"><span class='ocrx_word' id='word_1_288' title='bbox 199 2049 327 2093; x_wconf 77' lang='grc' dir='ltr'><strong><em>αὐτοῦ</em></strong></span> <span class='ocrx_word' id='word_1_289' title='bbox 350 2050 535 2102; x_wconf 83' lang='grc' dir='ltr'><strong><em>τέταρτον</em></strong></span> <span class='ocrx_word' id='word_1_290' title='bbox 567 2047 853 2100; x_wconf 75' lang='grc' dir='ltr'><strong><em>ἡμιτάλαντον·</em></strong></span> <span class='ocrx_word' id='word_1_291' title='bbox 887 2061 992 2100; x_wconf 84' lang='lat' dir='ltr'><strong>quae</strong></span> <span class='ocrx_word' id='word_1_292' title='bbox 1012 2050 1244 2099; x_wconf 83' lang='lat' dir='ltr'><strong>sequuntur</strong></span> <span class='ocrx_word' id='word_1_293' title='bbox 1274 2059 1362 2085; x_wconf 84' lang='lat' dir='ltr'><strong>esse</strong></span> <span class='ocrx_word' id='word_1_294' title='bbox 1391 2046 1514 2086; x_wconf 82' lang='lat' dir='ltr'><strong>credo</strong></span> <span class='ocrx_word' id='word_1_295' title='bbox 1535 2049 1622 2086; x_wconf 84' lang='lat' dir='ltr'><strong>Di-</strong></span> 
     </span>
     <span class='ocr_line' id='line_1_36' title="bbox 200 2101 1623 2159; baseline -0.002 -14"><span class='ocrx_word' id='word_1_296' title='bbox 200 2107 311 2159; x_wconf 88' lang='lat' dir='ltr'><strong>dymi</strong></span> <span class='ocrx_word' id='word_1_297' title='bbox 333 2107 376 2148; x_wconf 79' lang='grc' dir='ltr'><strong>ἔκ</strong></span> <span class='ocrx_word' id='word_1_298' title='bbox 394 2104 470 2146; x_wconf 77' lang='grc' dir='ltr'><strong>τῶν</strong></span> <span class='ocrx_word' id='word_1_299' title='bbox 489 2105 580 2155; x_wconf 82' lang='grc' dir='ltr'><strong><em>περὶ</em></strong></span> <span class='ocrx_word' id='word_1_300' title='bbox 601 2108 673 2152; x_wconf 71' lang='grc' dir='ltr'><strong>τῆς</strong></span> <span class='ocrx_word' id='word_1_301' title='bbox 688 2104 906 2156; x_wconf 75' lang='grc' dir='ltr'><strong><em>Ῥωμαίοις</em></strong></span> <span class='ocrx_word' id='word_1_302' title='bbox 925 2102 1136 2155; x_wconf 75' lang='grc' dir='ltr'><strong><em>ἀναλογίας</em></strong></span> <span class='ocrx_word' id='word_1_303' title='bbox 1149 2116 1158 2126; x_wconf 91' lang='grc'><strong><em>·</em></strong></span> <span class='ocrx_word' id='word_1_304' title='bbox 1190 2115 1296 2154; x_wconf 88' lang='lat' dir='ltr'><strong>quae</strong></span> <span class='ocrx_word' id='word_1_305' title='bbox 1317 2101 1536 2142; x_wconf 85' lang='lat' dir='ltr'><strong>restituere</strong></span> <span class='ocrx_word' id='word_1_306' title='bbox 1549 2103 1623 2142; x_wconf 83' lang='lat' dir='ltr'><strong>alii</strong></span> 
     </span>
     <span class='ocr_line' id='line_1_37' title="bbox 200 2153 1622 2211; baseline -0.004 -9"><span class='ocrx_word' id='word_1_307' title='bbox 200 2171 416 2202; x_wconf 85' lang='lat' dir='ltr'><strong>conentur.</strong></span> <span class='ocrx_word' id='word_1_308' title='bbox 448 2168 558 2199; x_wconf 85' lang='lat' dir='ltr'><strong>certe</strong></span> <span class='ocrx_word' id='word_1_309' title='bbox 585 2161 746 2200; x_wconf 72' lang='grc' dir='ltr'><strong><em>εἴδωλον</em></strong></span> <span class='ocrx_word' id='word_1_310' title='bbox 774 2158 994 2211; x_wconf 82' lang='lat' dir='ltr'><strong>legendum</strong></span> <span class='ocrx_word' id='word_1_311' title='bbox 1033 2171 1108 2210; x_wconf 88' lang='lat' dir='ltr'><strong>pro</strong></span> <span class='ocrx_word' id='word_1_312' title='bbox 1141 2153 1340 2206; x_wconf 71' lang='grc' dir='ltr'><strong><em>εἰδούλων,</em></strong></span> <span class='ocrx_word' id='word_1_313' title='bbox 1387 2166 1526 2210; x_wconf 77' lang='lat' dir='ltr'><strong>patet5</strong></span> <span class='ocrx_word' id='word_1_314' title='bbox 1555 2172 1622 2197; x_wconf 84' lang='lat' dir='ltr'><strong>re-</strong></span> 
     </span>
     <span class='ocr_line' id='line_1_38' title="bbox 196 2211 1623 2271; baseline -0.004 -13"><span class='ocrx_word' id='word_1_315' title='bbox 196 2217 326 2271; x_wconf 79' lang='lat' dir='ltr'><strong>spicit</strong></span> <span class='ocrx_word' id='word_1_316' title='bbox 345 2215 454 2256; x_wconf 87' lang='lat' dir='ltr'><strong>enim</strong></span> <span class='ocrx_word' id='word_1_317' title='bbox 473 2214 523 2254; x_wconf 82' lang='lat' dir='ltr'><strong>ad</strong></span> <span class='ocrx_word' id='word_1_318' title='bbox 554 2215 667 2254; x_wconf 82' lang='lat' dir='ltr'><strong>istud</strong></span> <span class='ocrx_word' id='word_1_319' title='bbox 688 2215 900 2264; x_wconf 83' lang='lat' dir='ltr'><strong>Herodoti,</strong></span> <span class='ocrx_word' id='word_1_320' title='bbox 929 2211 1079 2255; x_wconf 71' lang='grc' dir='ltr'><strong><em>εἰκόνα.</em></strong></span> <span class='ocrx_word' id='word_1_321' title='bbox 1119 2227 1171 2251; x_wconf 86' lang='lat' dir='ltr'><strong>an</strong></span> <span class='ocrx_word' id='word_1_322' title='bbox 1201 2211 1246 2250; x_wconf 85' lang='lat' dir='ltr'><strong>in</strong></span> <span class='ocrx_word' id='word_1_323' title='bbox 1280 2212 1483 2266; x_wconf 65' lang='grc' dir='ltr'><strong><em>καταλέγει</em></strong></span> <span class='ocrx_word' id='word_1_324' title='bbox 1512 2214 1623 2253; x_wconf 87' lang='lat' dir='ltr'><strong>forte</strong></span> 
     </span>
     <span class='ocr_line' id='line_1_39' title="bbox 199 2266 1619 2324; baseline -0.004 -9"><span class='ocrx_word' id='word_1_325' title='bbox 199 2273 502 2316; x_wconf 75' lang='grc' dir='ltr'><strong><em>κατακαυθέντα</em></strong></span> <span class='ocrx_word' id='word_1_326' title='bbox 523 2271 638 2324; x_wconf 78' lang='grc' dir='ltr'><strong><em>λέγει,</em></strong></span> <span class='ocrx_word' id='word_1_327' title='bbox 668 2274 735 2311; x_wconf 87' lang='lat' dir='ltr'><strong>vel</strong></span> <span class='ocrx_word' id='word_1_328' title='bbox 758 2268 872 2308; x_wconf 87' lang='lat' dir='ltr'><strong>aliud</strong></span> <span class='ocrx_word' id='word_1_329' title='bbox 895 2277 1132 2320; x_wconf 87' lang='lat' dir='ltr'><strong>corruptum</strong></span> <span class='ocrx_word' id='word_1_330' title='bbox 1155 2268 1224 2317; x_wconf 86' lang='lat' dir='ltr'><strong>sit,</strong></span> <span class='ocrx_word' id='word_1_331' title='bbox 1256 2282 1340 2306; x_wconf 88' lang='lat' dir='ltr'><strong>non</strong></span> <span class='ocrx_word' id='word_1_332' title='bbox 1368 2277 1479 2307; x_wconf 85' lang='lat' dir='ltr'><strong>certo</strong></span> <span class='ocrx_word' id='word_1_333' title='bbox 1509 2266 1619 2309; x_wconf 86' lang='lat' dir='ltr'><strong>dico.</strong></span> 
     </span>
     <span class='ocr_line' id='line_1_40' title="bbox 201 2321 1624 2377; baseline -0.003 -9"><span class='ocrx_word' id='word_1_334' title='bbox 201 2328 298 2368; x_wconf 84' lang='lat' dir='ltr'><strong>vide</strong></span> <span class='ocrx_word' id='word_1_335' title='bbox 325 2327 502 2368; x_wconf 84' lang='lat' dir='ltr'><strong>eundem</strong></span> <span class='ocrx_word' id='word_1_336' title='bbox 529 2329 794 2366; x_wconf 58' lang='lat' dir='ltr'><strong>Praecianum</strong></span> <span class='ocrx_word' id='word_1_337' title='bbox 820 2338 843 2364; x_wconf 89' lang='lat' dir='ltr'><strong>e</strong></span> <span class='ocrx_word' id='word_1_338' title='bbox 859 2324 1039 2376; x_wconf 86' lang='lat' dir='ltr'><strong>Didymo</strong></span> <span class='ocrx_word' id='word_1_339' title='bbox 1069 2322 1259 2377; x_wconf 85' lang='lat' dir='ltr'><strong>pluribus</strong></span> <span class='ocrx_word' id='word_1_340' title='bbox 1286 2321 1429 2363; x_wconf 84' lang='lat' dir='ltr'><strong>eodem</strong></span> <span class='ocrx_word' id='word_1_341' title='bbox 1458 2322 1624 2364; x_wconf 76' lang='lat' dir='ltr'><strong>libello.</strong></span> 
     </span>
     <span class='ocr_line' id='line_1_41' title="bbox 200 2385 429 2427; baseline -0.004 -4"><span class='ocrx_word' id='word_1_342' title='bbox 200 2385 429 2427; x_wconf 73' lang='lat' dir='ltr'><strong>Iuncmm.</strong></span> 
     </span>
    </p>

    <p class='ocr_par' dir='ltr' id='par_1_4' title="bbox 310 2431 1621 2492">
     <span class='ocr_line' id='line_1_42' title="bbox 310 2431 1621 2492; baseline -0.006 -12"><span class='ocrx_word' id='word_1_343' title='bbox 310 2439 372 2481; x_wconf 87' lang='grc' dir='ltr'><strong>ὅτι</strong></span> <span class='ocrx_word' id='word_1_344' title='bbox 393 2440 435 2481; x_wconf 82' lang='grc' dir='ltr'><strong>δὲ</strong></span> <span class='ocrx_word' id='word_1_345' title='bbox 451 2437 566 2492; x_wconf 78' lang='grc' dir='ltr'><strong><em>παρά</em></strong></span> <span class='ocrx_word' id='word_1_346' title='bbox 583 2457 617 2480; x_wconf 89' lang='grc' dir='ltr'><strong>τ.</strong></span> <span class='ocrx_word' id='word_1_347' title='bbox 639 2437 740 2489; x_wconf 79' lang='lat' dir='ltr'><strong>etc.]</strong></span> <span class='ocrx_word' id='word_1_348' title='bbox 776 2437 905 2475; x_wconf 88' lang='lat' dir='ltr'><strong>Hunc</strong></span> <span class='ocrx_word' id='word_1_349' title='bbox 920 2438 1059 2473; x_wconf 86' lang='lat' dir='ltr'><strong>locum</strong></span> <span class='ocrx_word' id='word_1_350' title='bbox 1081 2433 1132 2472; x_wconf 89' lang='lat' dir='ltr'><strong>de</strong></span> <span class='ocrx_word' id='word_1_351' title='bbox 1153 2436 1324 2482; x_wconf 83' lang='lat' dir='ltr'><strong>talento,</strong></span> <span class='ocrx_word' id='word_1_352' title='bbox 1352 2431 1396 2472; x_wconf 86' lang='lat' dir='ltr'><strong>id</strong></span> <span class='ocrx_word' id='word_1_353' title='bbox 1427 2446 1511 2471; x_wconf 86' lang='lat' dir='ltr'><strong>non</strong></span> <span class='ocrx_word' id='word_1_354' title='bbox 1533 2442 1621 2472; x_wconf 83' lang='lat' dir='ltr'><strong>tan-</strong></span> 
     </span>
    </p>
   </div>
   <div class='ocr_carea' id='block_1_3' title="bbox 202 2487 1622 2601">
    <p class='ocr_par' dir='ltr' id='par_1_5' title="bbox 202 2487 1622 2601">
     <span class='ocr_line' id='line_1_43' title="bbox 202 2487 1622 2547; baseline -0.008 -13"><span class='ocrx_word' id='word_1_355' title='bbox 202 2495 236 2535; x_wconf 85' lang='lat' dir='ltr'><strong>ti</strong></span> <span class='ocrx_word' id='word_1_356' title='bbox 255 2494 383 2533; x_wconf 83' lang='lat' dir='ltr'><strong>fuisse</strong></span> <span class='ocrx_word' id='word_1_357' title='bbox 403 2494 662 2547; x_wconf 81' lang='lat' dir='ltr'><strong>temporibus</strong></span> <span class='ocrx_word' id='word_1_358' title='bbox 683 2492 864 2540; x_wconf 89' lang='lat' dir='ltr'><strong>Homeri,</strong></span> <span class='ocrx_word' id='word_1_359' title='bbox 897 2489 1044 2542; x_wconf 83' lang='lat' dir='ltr'><strong>quanti</strong></span> <span class='ocrx_word' id='word_1_360' title='bbox 1060 2490 1236 2528; x_wconf 84' lang='lat' dir='ltr'><strong>fortasse</strong></span> <span class='ocrx_word' id='word_1_361' title='bbox 1265 2487 1416 2541; x_wconf 84' lang='lat' dir='ltr'><strong>aliquis</strong></span> <span class='ocrx_word' id='word_1_362' title='bbox 1441 2489 1622 2541; x_wconf 83' lang='lat' dir='ltr'><strong>suspica-</strong></span> 
     </span>
     <span class='ocr_line' id='line_1_44' title="bbox 202 2542 1621 2601; baseline -0.004 -11"><span class='ocrx_word' id='word_1_363' title='bbox 202 2561 328 2601; x_wconf 79' lang='lat' dir='ltr'><strong>retur,</strong></span> <span class='ocrx_word' id='word_1_364' title='bbox 359 2548 495 2589; x_wconf 80' lang='lat' dir='ltr'><strong>adfert</strong></span> <span class='ocrx_word' id='word_1_365' title='bbox 524 2553 714 2589; x_wconf 85' lang='lat' dir='ltr'><strong>Muretus</strong></span> <span class='ocrx_word' id='word_1_366' title='bbox 739 2547 866 2587; x_wconf 83' lang='lat' dir='ltr'><strong>Notis</strong></span> <span class='ocrx_word' id='word_1_367' title='bbox 895 2546 940 2583; x_wconf 86' lang='lat' dir='ltr'><strong>in</strong></span> <span class='ocrx_word' id='word_1_368' title='bbox 966 2544 1271 2596; x_wconf 75' lang='lat' dir='ltr'><strong>Xenophontem</strong></span> <span class='ocrx_word' id='word_1_369' title='bbox 1306 2542 1359 2583; x_wconf 84' lang='lat' dir='ltr'><strong>ad</strong></span> <span class='ocrx_word' id='word_1_370' title='bbox 1386 2545 1526 2583; x_wconf 84' lang='lat' dir='ltr'><strong>locum</strong></span> <span class='ocrx_word' id='word_1_371' title='bbox 1548 2544 1621 2584; x_wconf 88' lang='lat' dir='ltr'><strong>VI.</strong></span> 
     </span>
    </p>
   </div>
  </div>
 </body>
</html>
