1716 3016
215 95 297 135 976
834 90 909 131 IX.
965 94 1031 136 59

221 199 496 255 ἴστόρηκασιν·
526 201 611 241 imo
641 214 737 241 vero
761 200 1078 258 Ἀλεξανδρῖὃης,
1109 202 1221 257 quod
1253 211 1371 256 tuto,
1407 216 1471 244 me
1507 215 1642 258 spon-

222 273 335 307 sore,
365 271 556 327 reponas,
614 257 694 297 Sed
722 258 772 296 ad
801 258 1010 298 Pollucem
1038 269 1280 311 repetamus.

331 311 603 368 η’μιχρύσους]
641 313 706 352 Ita
734 323 776 352 et
805 314 896 354 MS.
927 323 969 353 et.
991 328 1113 367 supra
1143 314 1227 361 VI,
1262 312 1348 356 161.
1389 327 1475 354 non
1504 323 1641 354 tamen

223 371 394 426 χ’ρυσοῦς
414 369 626 423 ημῖχρυσος
644 367 754 407 dixit
773 369 931 420 Pollux,
957 379 1004 408 ut
1026 369 1124 408 hinc
1141 368 1313 408 adnotat
1332 371 1488 408 Hostus
1506 370 1583 410 lib.
1603 370 1640 409 I.

225 441 258 468 c
290 441 327 480 7.
357 440 395 466 ιι
430 437 495 478 70.
547 434 595 463 ut
623 434 663 465 et
690 424 762 466 lib.
794 425 843 467 V.
885 439 921 469 c
958 437 997 469 2,
1033 424 1171 466 n.15.
1211 424 1283 462 ubi
1320 425 1380 463 ait
1409 424 1642 479 ημίχρισος,

225 496 294 521 seu
316 489 362 519 ut
385 482 463 519 alii
492 483 652 520 malunt
682 495 945 534 ημιχρυσους·
976 480 1139 520 scilicet
1164 494 1251 520 esse
1281 480 1362 520 hoo
1392 480 1642 536 ambiguum,

227 536 339 592 quod
361 535 411 574 ad
430 545 585 577 rectum
606 536 768 576 attinet.
824 537 948 578 que.

335 593 588 660 σταιηρίδια]
638 592 686 632 C.
712 591 760 630 A.
791 593 896 646 legit
927 605 1003 643 pro
1034 594 1285 644 στατηρῐδια,
1323 592 1557 664 otatn9mi'oe
1587 604 1644 630 ex

228 647 486 688 correctione
524 648 569 686 in
605 648 811 700 margine.
862 647 933 685 ubi
964 648 1086 686 etiam
1124 657 1264 695 extat,
1303 663 1349 688 το
1387 649 1533 699 ᾳαιᾝης
1573 646 1643 686 αν·

226 705 456 757 στατηριαῒα
475 703 581 758 legit
609 713 651 743 et
672 703 802 745 Salm.
832 713 929 755 post
951 700 1185 757 Θεόπομπος
1209 711 1293 754 est,
1319 702 1348 752 ἤ
1366 699 1528 752 'Arum
1550 701 1644 757 μνᾷ.

226 760 402 801 Kumm.

339 813 592 868 στατηρὶδια]
632 815 846 853 ΚιιεΙιηίιιε
875 813 926 853 ad
961 812 1132 853 Codicis
1158 813 1224 851 sui
1257 827 1366 853 oram
1400 814 1646 867 στατηριαῖα,

228 881 272 912 et
300 871 344 909 in
370 870 475 925 ipsis
507 871 751 921 Theopompi
780 869 914 908 verbis
947 871 1201 923 στατηριαίας
1226 869 1434 922 reposuit,
1463 883 1580 924 quem
1601 869 1647 907 in

229 942 272 967 re
293 929 414 977 clara,
434 926 552 965 MSS.
574 925 695 964 etiam
717 925 1051 975 reclamantibus,
1070 925 1280 977 sequimur
1303 925 1489 965 omuino.
1514 938 1648 964 emen-

229 981 417 1021 dabimus
440 982 498 1020 ita
517 995 613 1019 mox
635 979 759 1022 MSS.
792 994 869 1032 ope
889 980 1144 1018 simiilimum
1166 979 1315 1019 vitium
1335 980 1379 1018 in
1397 981 1649 1033 δραχμίδιον·

230 1036 301 1077 sed
333 1037 376 1075 in
412 1037 504 1089 ipso
541 1037 802 1100 Theopompi
818 1039 914 1074 loco
954 1035 1115 1074 diversa
1149 1035 1339 1073 sentiunt
1366 1035 1519 1074 eruditi
1547 1035 1648 1075 viri.

230 1103 376 1146 arguta
412 1101 474 1130 est
514 1090 863 1145 perspicacissimi
895 1093 1192 1142 langermanni
1222 1090 1356 1130 nostri
1385 1091 1648 1130 coniectura.

230 1147 303 1188 sed
332 1147 454 1187 aliter
474 1148 711 1185 Salmasius
742 1146 794 1185 de
815 1148 941 1185 Modo
969 1149 1090 1188 Usur.
1121 1160 1214 1214 pag.
1242 1147 1336 1201 259.
1366 1145 1447 1185 hoc
1479 1145 1652 1185 adducit

230 1202 380 1244 modo·
421 1201 483 1244 Οὔ
526 1205 650 1255 φασὶν
685 1203 788 1244 εἶναι
828 1219 909 1244 των
938 1203 1103 1254 ἑταιρῶν
1127 1219 1200 1249 τας
1223 1218 1347 1254 μεσας
1380 1204 1651 1254 Στατηρίδας·

232 1258 344 1313 quod
364 1268 473 1297 cette
491 1259 527 1296 si
552 1258 748 1310 praeferri
766 1271 850 1296 non
874 1258 1032 1310 possit,
1063 1259 1205 1296 saltem
1230 1266 1279 1295 ut
1301 1257 1419 1295 cedat
1434 1271 1540 1310 opus
1565 1271 1650 1295 non

231 1323 294 1353 est
331 1313 616 1353 emendationi
651 1312 1067 1364 langermannianae.
1128 1321 1168 1351 et
1205 1312 1372 1351 noveris
1409 1321 1574 1364 oportet
1599 1325 1650 1351 eo

230 1372 330 1409 loco
360 1369 483 1408 etiam
505 1369 755 1407 Salmasium
782 1371 1028 1408 emaculasse
1054 1368 1136 1407 hoc
1163 1367 1207 1405 in
1226 1369 1466 1431 στατηρίδια
1485 1367 1651 1419 vitium,

232 1423 459 1476 eodemque
487 1423 635 1474 modo,
669 1437 752 1476 quo
784 1437 861 1462 nos
894 1424 937 1461 in
967 1433 1105 1473 textu,
1137 1422 1384 1463 restituisse.
1429 1421 1652 1462 conabitur

231 1480 374 1533 itaque
397 1480 609 1517 Illustriss.
641 1479 841 1532 Scaligeri
865 1479 1070 1518 sententia
1097 1480 1332 1530 στατηρίδας
1355 1478 1542 1531 putantis
1565 1491 1651 1518 esse

231 1549 253 1574 a
276 1538 480 1586 σταιηρῖς,
523 1549 569 1573 ea
601 1535 756 1584 forma,
792 1549 872 1586 qua
896 1537 1090 1589 τριαντῖς,
1121 1534 1232 1588 quod
1266 1534 1375 1586 apud
1394 1533 1644 1585 Hesychium

231 1591 428 1631 restituit.
485 1589 747 1629 Monendum
776 1600 838 1629 est
869 1604 1034 1645 quoque
1058 1592 1199 1659 ἑτέρων
1227 1590 1359 1629 fuisse
1384 1598 1478 1628 ante
1498 1601 1575 1628 nos
1605 1588 1651 1626 in

231 1655 377 1697 textu3
415 1645 485 1684 sed
519 1660 568 1684 ex
599 1646 782 1683 Kuelmii
823 1655 958 1684 mente
989 1649 1155 1694 ἑταιρῶν
1187 1644 1472 1694 emendatum3
1517 1654 1560 1684 et
1590 1643 1651 1683 ita

231 1700 387 1740 habent
409 1701 649 1753 quicunque
669 1700 941 1739 eruditissimi
961 1701 1042 1740 viri
1068 1701 1149 1740 hoc
1177 1702 1272 1738 loco
1300 1709 1398 1739 sunt
1415 1699 1494 1739 usi.
1529 1699 1651 1752 [iraa-

230 1757 311 1812 ροῖν
353 1756 574 1795 refinxerat
608 1765 648 1793 et
682 1755 879 1794 Canterus
910 1755 959 1795 ad
994 1756 1058 1795 sui
1094 1755 1262 1796 Codicis
1288 1755 1527 1809 marginem.
1584 1755 1651 1792 Es·

229 1811 477 1864 Addendi2.]
537 1810 661 1864 Apud
694 1811 938 1861 Hesychium
965 1822 1027 1851 est
1044 1814 1263 1853 Σιατίδιον.
1294 1809 1540 1864 πεντάμνουν
1569 1819 1648 1850 etc.

232 1866 386 1920 quod
375 1882 418 1905 m
445 1869 692 1920 σταιηρίδιον
724 1876 886 1905 mutant
911 1869 1143 1905 Salmasius
1170 1875 1211 1905 et
1239 1864 1408 1917 Iunius,·
1443 1865 1517 1906 ted
1539 1867 1649 1904 malo

231 1937 323 1961 cum
345 1923 552 1976 Scaliger-o
573 1923 773 1964 στατίὁιον
792 1923 969 1962 retinere
987 1937 1007 1960 a
1030 1922 1181 1970 multoc.

342 1981 384 2020 ἓν
400 1979 685 2031 Καλλαίσχρῳ]
723 1979 928 2017 Desunt
916 1994 960 2016 ιιι
993 1979 1086 2017 MS.
1118 1981 1158 2020 ἐν
1182 1981 1305 2019 KQ
1345 1991 1437 2016 cum
1467 1975 1651 2016 versibus

232 2032 419 2084 duobus,
459 2034 532 2099 qui
562 2048 584 2072 e
615 2033 774 2072 Comico
813 2042 1065 2086 sequuntur,
1109 2034 1151 2071 in
1189 2046 1363 2084 quorum
1394 2032 1532 2086 priore
1566 2045 1650 2069 nou

232 2088 380 2128 dubito
402 2089 506 2142 quin
533 2090 699 2142 ἑταιρῶν
727 2088 971 2142 legendum,
1003 2088 1111 2127 sicut.
1138 2088 1243 2126 mihi
1275 2087 1324 2126 ad
1361 2102 1494 2127 meum
1523 2085 1650 2125 Codi-

232 2160 316 2184 cem
336 2144 642 2195 adnotaveram,
673 2154 714 2184 et
727 2144 965 2184 rectissime.
1024 2145 1093 2183 Sic
1123 2144 1233 2182 enim
1254 2151 1295 2183 et
1315 2157 1466 2197 magno
1493 2143 1651 2180 Gasan-

231 2201 331 2238 bono
358 2200 493 2239 visum
519 2200 615 2241 VII
646 2201 793 2238 Athen.
831 2198 891 2240 14.
920 2199 992 2238 ubi
1027 2210 1069 2239 et
1101 2201 1351 2252 στατηριδῖας
1382 2196 1513 2254 (quod
1539 2195 1649 2234 idem

231 2255 444 2309 significat
483 2270 530 2295 ac
566 2254 847 2308 στατηριαιάς)
885 2255 1102 2296 emendat:
1152 2253 1264 2307 quod
1302 2257 1366 2293 vel
1402 2249 1650 2305 praecedens

232 2313 464 2362 στατηρίδια
510 2310 648 2361 iubet,
696 2322 743 2350 ut
780 2320 821 2349 et
857 2311 1114 2349 coniectatus
1153 2319 1215 2348 est
1254 2309 1431 2348 amiciss.
1472 2306 1648 2345 seberus.

235 2367 539 2404 Callaeschrum
568 2377 610 2405 et
634 2367 866 2405 Athenaeus
892 2366 1017 2414 citat,
1067 2375 1115 2403 ut
1148 2365 1209 2403 ibi
1235 2365 1399 2403 notavit
1429 2361 1536 2401 idem
1563 2360 1650 2399 exi·

230 2421 338 2458 mius
362 2421 450 2459 eius
471 2421 792 2462 Commentator.
852 2421 1043 2460 Ceterum
1067 2435 1157 2459 cum
1187 2420 1307 2458 venia
1338 2419 1495 2467 dicam,
1526 2417 1652 2468 quit:-

231 2475 333 2528 quid
363 2475 655 2516 adblandiatur
683 2476 787 2515 illud
813 2493 858 2517 ου
887 2493 1008 2527 φησιν
1035 2486 1113 2517 etc.
1146 2489 1251 2528 quae
1278 2483 1418 2526 aptum
1443 2472 1650 2511 senarium

231 2529 440 2579 efficiunt,
470 2532 575 2570 mihi
609 2542 742 2571 tamen
773 2532 955 2585 suspicio
986 2546 1068 2570 non
1100 2531 1157 2570 ita
1187 2529 1412 2584 protulisse
1439 2528 1650 2571 Pollucem,
