<?xml version="1.0" encoding="UTF-8"?>
<!DOCTYPE html PUBLIC "-//W3C//DTD XHTML 1.0 Transitional//EN"
    "http://www.w3.org/TR/xhtml1/DTD/xhtml1-transitional.dtd">
<html xmlns="http://www.w3.org/1999/xhtml" xml:lang="en" lang="en">
 <head>
  <title>
</title>
<meta http-equiv="Content-Type" content="text/html;charset=utf-8" />
  <meta name='ocr-system' content='tesseract 3.04.00' />
  <meta name='ocr-capabilities' content='ocr_page ocr_carea ocr_par ocr_line ocrx_word'/>
</head>
<body>
  <div class='ocr_page' id='page_1' title='image "./p2onomastic05polluoft_0642.png"; bbox 0 0 1690 2996; ppageno 0'>
   <div class='ocr_carea' id='block_1_1' title="bbox 216 135 1025 179">
    <p class='ocr_par' dir='ltr' id='par_1_1' title="bbox 216 135 1025 179">
     <span class='ocr_line' id='line_1_1' title="bbox 216 135 1025 179; baseline 0.005 -4"><span class='ocrx_word' id='word_1_1' title='bbox 216 135 324 176; x_wconf 78' lang='lat'>1492</span> <span class='ocrx_word' id='word_1_2' title='bbox 850 135 904 174; x_wconf 85' lang='lat' dir='ltr'><strong>X.</strong></span> <span class='ocrx_word' id='word_1_3' title='bbox 961 140 1025 179; x_wconf 76' lang='lat'><strong>08.</strong></span> 
     </span>
    </p>
   </div>
   <div class='ocr_carea' id='block_1_2' title="bbox 215 241 1687 2634">
    <p class='ocr_par' dir='ltr' id='par_1_2' title="bbox 216 241 1644 451">
     <span class='ocr_line' id='line_1_2' title="bbox 217 241 1644 299; baseline 0.004 -17"><span class='ocrx_word' id='word_1_4' title='bbox 217 251 430 283; x_wconf 85' lang='lat' dir='ltr'><strong>enumerat</strong></span> <span class='ocrx_word' id='word_1_5' title='bbox 448 241 609 281; x_wconf 81' lang='lat' dir='ltr'><strong>fabulas</strong></span> <span class='ocrx_word' id='word_1_6' title='bbox 641 243 768 284; x_wconf 86' lang='lat' dir='ltr'><strong>huius</strong></span> <span class='ocrx_word' id='word_1_7' title='bbox 789 244 965 294; x_wconf 72' lang='lat' dir='ltr'><strong>Comici,</strong></span> <span class='ocrx_word' id='word_1_8' title='bbox 997 255 1041 285; x_wconf 89' lang='lat' dir='ltr'><strong>et</strong></span> <span class='ocrx_word' id='word_1_9' title='bbox 1062 245 1242 299; x_wconf 86' lang='lat' dir='ltr'><strong>quidem,</strong></span> <span class='ocrx_word' id='word_1_10' title='bbox 1271 257 1321 286; x_wconf 89' lang='lat' dir='ltr'><strong>ut</strong></span> <span class='ocrx_word' id='word_1_11' title='bbox 1343 249 1486 299; x_wconf 61' lang='lat' dir='ltr'><strong>ait‚²ex</strong></span> <span class='ocrx_word' id='word_1_12' title='bbox 1507 251 1644 288; x_wconf 76' lang='lat' dir='ltr'><strong>Athe-</strong></span> 
     </span>
     <span class='ocr_line' id='line_1_3' title="bbox 218 298 1643 357; baseline 0.008 -21"><span class='ocrx_word' id='word_1_13' title='bbox 218 301 316 336; x_wconf 78' lang='lat' dir='ltr'><strong>naei</strong></span> <span class='ocrx_word' id='word_1_14' title='bbox 366 299 745 350; x_wconf 73' lang='lat' dir='ltr'><strong>Dipnosoplzistia:</strong></span> <span class='ocrx_word' id='word_1_15' title='bbox 799 301 876 355; x_wconf 91' lang='lat' dir='ltr'><strong>qui.</strong></span> <span class='ocrx_word' id='word_1_16' title='bbox 907 312 1005 340; x_wconf 76' lang='lat' dir='ltr'><strong>sunt</strong></span> <span class='ocrx_word' id='word_1_17' title='bbox 1049 298 1356 356; x_wconf 72' lang='grc' dir='ltr'><strong>Ἀμφικτύονες,</strong></span> <span class='ocrx_word' id='word_1_18' title='bbox 1407 301 1643 357; x_wconf 69' lang='grc' dir='ltr'><strong>Πρυτάνεις,</strong></span> 
     </span>
     <span class='ocr_line' id='line_1_4' title="bbox 216 355 1641 415; baseline 0.004 -20"><span class='ocrx_word' id='word_1_19' title='bbox 216 355 398 408; x_wconf 72' lang='grc' dir='ltr'><strong><em>Στερᾷοἶ.</em></strong></span> <span class='ocrx_word' id='word_1_20' title='bbox 439 367 615 407; x_wconf 88' lang='lat' dir='ltr'><strong>quorum</strong></span> <span class='ocrx_word' id='word_1_21' title='bbox 659 356 818 408; x_wconf 83' lang='lat' dir='ltr'>priores</span> <span class='ocrx_word' id='word_1_22' title='bbox 859 355 965 396; x_wconf 89' lang='lat' dir='ltr'><strong>duae</strong></span> <span class='ocrx_word' id='word_1_23' title='bbox 999 358 1123 396; x_wconf 83' lang='lat' dir='ltr'><strong>etiam</strong></span> <span class='ocrx_word' id='word_1_24' title='bbox 1160 372 1184 397; x_wconf 84' lang='lat' dir='ltr'><strong>a</strong></span> <span class='ocrx_word' id='word_1_25' title='bbox 1222 370 1367 399; x_wconf 83' lang='lat' dir='ltr'><strong>nostro</strong></span> <span class='ocrx_word' id='word_1_26' title='bbox 1403 359 1641 415; x_wconf 78' lang='lat' dir='ltr'><strong>laudantur,</strong></span> 
     </span>
     <span class='ocr_line' id='line_1_5' title="bbox 219 410 1507 451; baseline 0.001 -2"><span class='ocrx_word' id='word_1_27' title='bbox 219 410 448 451; x_wconf 69' lang='lat' dir='ltr'><strong>Iunonum,</strong></span> <span class='ocrx_word' id='word_1_28' title='bbox 1504 445 1507 450; x_wconf 94' lang='lat'>.</span> 
     </span>
    </p>

    <p class='ocr_par' dir='ltr' id='par_1_3' title="bbox 215 464 1643 1077">
     <span class='ocr_line' id='line_1_6' title="bbox 331 464 1638 523; baseline 0.002 -17"><span class='ocrx_word' id='word_1_29' title='bbox 331 465 585 516; x_wconf 72' lang='grc' dir='ltr'><strong>Τηλεκλείδου</strong></span> <span class='ocrx_word' id='word_1_30' title='bbox 605 464 800 518; x_wconf 64' lang='grc' dir='ltr'><strong>ψευδέσι]</strong></span> <span class='ocrx_word' id='word_1_31' title='bbox 827 465 991 506; x_wconf 78' lang='lat' dir='ltr'>Vitiosa</span> <span class='ocrx_word' id='word_1_32' title='bbox 1007 469 1091 507; x_wconf 88' lang='lat' dir='ltr'><strong>loci</strong></span> <span class='ocrx_word' id='word_1_33' title='bbox 1113 470 1317 523; x_wconf 77' lang='lat' dir='ltr'><strong>scriptura</strong></span> <span class='ocrx_word' id='word_1_34' title='bbox 1340 472 1548 510; x_wconf 68' lang='lat' dir='ltr'><strong>Meum-ius·</strong></span> <span class='ocrx_word' id='word_1_35' title='bbox 1564 472 1638 509; x_wconf 88' lang='lat' dir='ltr'><strong>in-</strong></span> 
     </span>
     <span class='ocr_line' id='line_1_7' title="bbox 217 520 1643 572; baseline 0.004 -12"><span class='ocrx_word' id='word_1_36' title='bbox 217 521 367 560; x_wconf 86' lang='lat' dir='ltr'><strong>ductus</strong></span> <span class='ocrx_word' id='word_1_37' title='bbox 390 522 432 559; x_wconf 89' lang='lat' dir='ltr'><strong>in</strong></span> <span class='ocrx_word' id='word_1_38' title='bbox 457 520 605 560; x_wconf 87' lang='lat' dir='ltr'><strong>ceteris</strong></span> <span class='ocrx_word' id='word_1_39' title='bbox 627 521 776 560; x_wconf 81' lang='lat' dir='ltr'><strong><em>Comici</em></strong></span> <span class='ocrx_word' id='word_1_40' title='bbox 788 522 940 561; x_wconf 83' lang='lat' dir='ltr'><strong>fabulis</strong></span> <span class='ocrx_word' id='word_1_41' title='bbox 968 526 1136 572; x_wconf 72' lang='grc' dir='ltr'><em>Ψευδεῖς</em></span> <span class='ocrx_word' id='word_1_42' title='bbox 1157 527 1416 564; x_wconf 77' lang='lat' dir='ltr'>enumeravit</span> <span class='ocrx_word' id='word_1_43' title='bbox 1437 526 1478 564; x_wconf 90' lang='lat' dir='ltr'><strong>in</strong></span> <span class='ocrx_word' id='word_1_44' title='bbox 1493 530 1643 566; x_wconf 79' lang='lat' dir='ltr'><strong>Attica</strong></span> 
     </span>
     <span class='ocr_line' id='line_1_8' title="bbox 216 576 1641 634; baseline 0.004 -19"><span class='ocrx_word' id='word_1_45' title='bbox 216 577 490 615; x_wconf 78' lang='lat' dir='ltr'><em>Bibliotheca.</em></span> <span class='ocrx_word' id='word_1_46' title='bbox 528 576 743 614; x_wconf 83' lang='lat' dir='ltr'><strong>nobiscum</strong></span> <span class='ocrx_word' id='word_1_47' title='bbox 764 591 860 616; x_wconf 90' lang='lat' dir='ltr'><strong>vero</strong></span> <span class='ocrx_word' id='word_1_48' title='bbox 882 580 1030 617; x_wconf 89' lang='lat' dir='ltr'><strong>melius</strong></span> <span class='ocrx_word' id='word_1_49' title='bbox 1053 581 1213 632; x_wconf 82' lang='lat' dir='ltr'><strong>agitur,</strong></span> <span class='ocrx_word' id='word_1_50' title='bbox 1247 581 1317 634; x_wconf 90' lang='lat' dir='ltr'><strong>qui</strong></span> <span class='ocrx_word' id='word_1_51' title='bbox 1350 583 1395 619; x_wconf 84' lang='lat' dir='ltr'><strong>in</strong></span> <span class='ocrx_word' id='word_1_52' title='bbox 1418 582 1641 621; x_wconf 81' lang='lat' dir='ltr'><strong>istiusmo—</strong></span> 
     </span>
     <span class='ocr_line' id='line_1_9' title="bbox 219 630 1640 689; baseline 0.003 -17"><span class='ocrx_word' id='word_1_53' title='bbox 219 632 262 672; x_wconf 98' lang='lat' dir='ltr'><strong>di</strong></span> <span class='ocrx_word' id='word_1_54' title='bbox 304 631 490 671; x_wconf 76' lang='lat' dir='ltr'><strong>Codices.</strong></span> <span class='ocrx_word' id='word_1_55' title='bbox 513 630 805 678; x_wconf 83' lang='lat' dir='ltr'><strong>inciderimus,</strong></span> <span class='ocrx_word' id='word_1_56' title='bbox 849 647 1022 685; x_wconf 91' lang='lat' dir='ltr'><strong>quorum</strong></span> <span class='ocrx_word' id='word_1_57' title='bbox 1054 649 1134 688; x_wconf 89' lang='lat' dir='ltr'><strong>ope</strong></span> <span class='ocrx_word' id='word_1_58' title='bbox 1160 645 1286 689; x_wconf 85' lang='lat' dir='ltr'><strong>atque</strong></span> <span class='ocrx_word' id='word_1_59' title='bbox 1312 636 1394 676; x_wconf 89' lang='lat' dir='ltr'><strong>fide</strong></span> <span class='ocrx_word' id='word_1_60' title='bbox 1415 638 1640 689; x_wconf 84' lang='lat' dir='ltr'><strong>pristinum</strong></span> 
     </span>
     <span class='ocr_line' id='line_1_10' title="bbox 217 686 1639 744; baseline 0.002 -17"><span class='ocrx_word' id='word_1_61' title='bbox 217 688 385 728; x_wconf 87' lang='lat' dir='ltr'><strong>fabulae</strong></span> <span class='ocrx_word' id='word_1_62' title='bbox 418 688 587 725; x_wconf 80' lang='lat' dir='ltr'><strong>titulum</strong></span> <span class='ocrx_word' id='word_1_63' title='bbox 617 686 771 726; x_wconf 84' lang='lat' dir='ltr'><strong>habere</strong></span> <span class='ocrx_word' id='word_1_64' title='bbox 805 687 940 729; x_wconf 85' lang='lat' dir='ltr'><strong>datur.</strong></span> <span class='ocrx_word' id='word_1_65' title='bbox 971 690 1165 728; x_wconf 88' lang='lat' dir='ltr'><strong>nimirum</strong></span> <span class='ocrx_word' id='word_1_66' title='bbox 1185 690 1396 744; x_wconf 65' lang='grc' dir='ltr'><strong>Ἀψευδεῒς</strong></span> <span class='ocrx_word' id='word_1_67' title='bbox 1422 693 1639 731; x_wconf 71' lang='lat' dir='ltr'><strong>Teleclidie</strong></span> 
     </span>
     <span class='ocr_line' id='line_1_11' title="bbox 217 743 1640 800; baseline 0.002 -18"><span class='ocrx_word' id='word_1_68' title='bbox 217 743 375 793; x_wconf 78' lang='lat' dir='ltr'><strong>extitit,</strong></span> <span class='ocrx_word' id='word_1_69' title='bbox 406 745 521 785; x_wconf 84' lang='lat' dir='ltr'><strong>nulla</strong></span> <span class='ocrx_word' id='word_1_70' title='bbox 550 756 648 781; x_wconf 88' lang='lat' dir='ltr'><strong>vero</strong></span> <span class='ocrx_word' id='word_1_71' title='bbox 674 745 856 794; x_wconf 74' lang='grc' dir='ltr'><strong>ψευδεῖς,</strong></span> <span class='ocrx_word' id='word_1_72' title='bbox 888 759 993 797; x_wconf 92' lang='lat' dir='ltr'><strong>quos</strong></span> <span class='ocrx_word' id='word_1_73' title='bbox 1030 754 1072 784; x_wconf 89' lang='lat' dir='ltr'><strong>et</strong></span> <span class='ocrx_word' id='word_1_74' title='bbox 1107 746 1243 794; x_wconf 62' lang='lat' dir='ltr'><strong>infra,</strong></span> <span class='ocrx_word' id='word_1_75' title='bbox 1271 746 1396 788; x_wconf 81' lang='lat' dir='ltr'>MSS.</span> <span class='ocrx_word' id='word_1_76' title='bbox 1420 748 1640 800; x_wconf 77' lang='lat' dir='ltr'><strong>sponsori-</strong></span> 
     </span>
     <span class='ocr_line' id='line_1_12' title="bbox 217 798 1641 851; baseline 0.002 -14"><span class='ocrx_word' id='word_1_77' title='bbox 217 801 317 850; x_wconf 83' lang='lat' dir='ltr'><strong>bus,</strong></span> <span class='ocrx_word' id='word_1_78' title='bbox 347 798 582 848; x_wconf 75' lang='lat' dir='ltr'><strong>erademu8‚</strong></span> <span class='ocrx_word' id='word_1_79' title='bbox 613 812 762 850; x_wconf 86' lang='lat' dir='ltr'><strong>neque,</strong></span> <span class='ocrx_word' id='word_1_80' title='bbox 793 810 992 851; x_wconf 86' lang='lat' dir='ltr'><strong>quantum</strong></span> <span class='ocrx_word' id='word_1_81' title='bbox 1014 802 1057 838; x_wconf 88' lang='lat' dir='ltr'><strong>in</strong></span> <span class='ocrx_word' id='word_1_82' title='bbox 1078 801 1196 840; x_wconf 87' lang='lat' dir='ltr'><strong>nobis</strong></span> <span class='ocrx_word' id='word_1_83' title='bbox 1211 812 1292 851; x_wconf 83' lang='lat' dir='ltr'><strong>est,</strong></span> <span class='ocrx_word' id='word_1_84' title='bbox 1320 802 1537 842; x_wconf 83' lang='lat' dir='ltr'><strong>mendaces</strong></span> <span class='ocrx_word' id='word_1_85' title='bbox 1558 818 1641 841; x_wconf 92' lang='lat' dir='ltr'><strong>un-</strong></span> 
     </span>
     <span class='ocr_line' id='line_1_13' title="bbox 217 853 1638 912; baseline 0.003 -18"><span class='ocrx_word' id='word_1_86' title='bbox 217 869 338 907; x_wconf 88' lang='lat' dir='ltr'><strong>quam</strong></span> <span class='ocrx_word' id='word_1_87' title='bbox 364 853 616 906; x_wconf 87' lang='lat' dir='ltr'><strong>simplicium</strong></span> <span class='ocrx_word' id='word_1_88' title='bbox 655 854 997 908; x_wconf 78' lang='lat' dir='ltr'><strong>integrorumque</strong></span> <span class='ocrx_word' id='word_1_89' title='bbox 1032 858 1169 894; x_wconf 87' lang='lat' dir='ltr'><strong>locum</strong></span> <span class='ocrx_word' id='word_1_90' title='bbox 1200 857 1388 898; x_wconf 82' lang='lat' dir='ltr'><strong>obtinere</strong></span> <span class='ocrx_word' id='word_1_91' title='bbox 1415 859 1638 912; x_wconf 79' lang='lat' dir='ltr'><strong>patiemur.</strong></span> 
     </span>
     <span class='ocr_line' id='line_1_14' title="bbox 217 909 1640 962; baseline 0.003 -13"><span class='ocrx_word' id='word_1_92' title='bbox 217 912 284 949; x_wconf 85' lang='lat' dir='ltr'><strong>Ex</strong></span> <span class='ocrx_word' id='word_1_93' title='bbox 305 910 388 948; x_wconf 89' lang='lat' dir='ltr'><strong>hoc</strong></span> <span class='ocrx_word' id='word_1_94' title='bbox 416 919 553 947; x_wconf 81' lang='lat' dir='ltr'><strong>autem</strong></span> <span class='ocrx_word' id='word_1_95' title='bbox 576 909 758 946; x_wconf 79' lang='lat' dir='ltr'><strong>Pollucis·</strong></span> <span class='ocrx_word' id='word_1_96' title='bbox 774 910 909 948; x_wconf 90' lang='lat' dir='ltr'><strong>nostri</strong></span> <span class='ocrx_word' id='word_1_97' title='bbox 937 913 1032 950; x_wconf 90' lang='lat' dir='ltr'><strong>loco</strong></span> <span class='ocrx_word' id='word_1_98' title='bbox 1061 921 1247 962; x_wconf 83' lang='lat' dir='ltr'><strong>constat,</strong></span> <span class='ocrx_word' id='word_1_99' title='bbox 1277 927 1538 953; x_wconf 70' lang='lat' dir='ltr'><strong>enumerasse</strong></span> <span class='ocrx_word' id='word_1_100' title='bbox 1562 917 1640 953; x_wconf 80' lang='lat' dir='ltr'><strong>Te-</strong></span> 
     </span>
     <span class='ocr_line' id='line_1_15' title="bbox 215 964 1640 1023; baseline 0.006 -19"><span class='ocrx_word' id='word_1_101' title='bbox 215 967 398 1005; x_wconf 78' lang='lat' dir='ltr'><strong>leclidem</strong></span> <span class='ocrx_word' id='word_1_102' title='bbox 427 964 627 1016; x_wconf 90' lang='lat' dir='ltr'><strong>plurimas</strong></span> <span class='ocrx_word' id='word_1_103' title='bbox 656 967 892 1003; x_wconf 86' lang='lat' dir='ltr'><strong>osculorum</strong></span> <span class='ocrx_word' id='word_1_104' title='bbox 922 966 1106 1019; x_wconf 85' lang='lat' dir='ltr'><strong>species,</strong></span> <span class='ocrx_word' id='word_1_105' title='bbox 1137 977 1180 1006; x_wconf 89' lang='lat' dir='ltr'><strong>et</strong></span> <span class='ocrx_word' id='word_1_106' title='bbox 1209 967 1322 1006; x_wconf 84' lang='lat' dir='ltr'><strong>inter</strong></span> <span class='ocrx_word' id='word_1_107' title='bbox 1350 981 1400 1007; x_wconf 81' lang='lat' dir='ltr'><strong>ea</strong></span> <span class='ocrx_word' id='word_1_108' title='bbox 1429 966 1640 1023; x_wconf 70' lang='grc' dir='ltr'><strong><em>εὔστομον,</em></strong></span> 
     </span>
     <span class='ocr_line' id='line_1_16' title="bbox 219 1020 1503 1077; baseline 0.002 -17"><span class='ocrx_word' id='word_1_109' title='bbox 219 1021 331 1076; x_wconf 85' lang='lat' dir='ltr'><strong>quod</strong></span> <span class='ocrx_word' id='word_1_110' title='bbox 348 1020 511 1060; x_wconf 84' lang='lat' dir='ltr'><strong>labellis</strong></span> <span class='ocrx_word' id='word_1_111' title='bbox 533 1020 780 1072; x_wconf 86' lang='lat' dir='ltr'><strong>compressis</strong></span> <span class='ocrx_word' id='word_1_112' title='bbox 794 1049 805 1066; x_wconf 85' lang='lat'>‚</span> <span class='ocrx_word' id='word_1_113' title='bbox 836 1029 877 1060; x_wconf 89' lang='lat' dir='ltr'><strong>et</strong></span> <span class='ocrx_word' id='word_1_114' title='bbox 898 1035 968 1061; x_wconf 91' lang='lat' dir='ltr'><strong>ore</strong></span> <span class='ocrx_word' id='word_1_115' title='bbox 995 1031 1210 1062; x_wconf 87' lang='lat' dir='ltr'><strong>contracto</strong></span> <span class='ocrx_word' id='word_1_116' title='bbox 1229 1022 1503 1077; x_wconf 80' lang='lat' dir='ltr'><strong>pangebatur.</strong></span> 
     </span>
    </p>

    <p class='ocr_par' dir='ltr' id='par_1_4' title="bbox 328 1076 1638 1133">
     <span class='ocr_line' id='line_1_17' title="bbox 328 1076 1638 1133; baseline 0.002 -15"><span class='ocrx_word' id='word_1_117' title='bbox 328 1080 482 1129; x_wconf 69' lang='grc' dir='ltr'><strong><em>εἴρηται</em></strong></span> <span class='ocrx_word' id='word_1_118' title='bbox 501 1076 692 1128; x_wconf 79' lang='grc' dir='ltr'><strong><em>τοῦνομα]</em></strong></span> <span class='ocrx_word' id='word_1_119' title='bbox 731 1076 820 1115; x_wconf 91' lang='lat' dir='ltr'><strong>MS.</strong></span> <span class='ocrx_word' id='word_1_120' title='bbox 852 1078 1035 1128; x_wconf 87' lang='lat' dir='ltr'><strong>plenius:</strong></span> <span class='ocrx_word' id='word_1_121' title='bbox 1063 1079 1216 1131; x_wconf 75' lang='grc' dir='ltr'><strong><em>εἴρηται</em></strong></span> <span class='ocrx_word' id='word_1_122' title='bbox 1234 1081 1277 1121; x_wconf 82' lang='grc' dir='ltr'><strong>δὲ</strong></span> <span class='ocrx_word' id='word_1_123' title='bbox 1296 1079 1482 1133; x_wconf 62' lang='grc' dir='ltr'><strong><em>τοῦνομα.</em></strong></span> <span class='ocrx_word' id='word_1_124' title='bbox 1513 1079 1638 1120; x_wconf 70' lang='lat' dir='ltr'><strong>que.</strong></span> 
     </span>
    </p>

    <p class='ocr_par' dir='ltr' id='par_1_5' title="bbox 216 1125 1641 2072">
     <span class='ocr_line' id='line_1_18' title="bbox 328 1125 1641 1189; baseline 0.002 -17"><span class='ocrx_word' id='word_1_125' title='bbox 328 1137 482 1186; x_wconf 62' lang='grc' dir='ltr'><strong><em>εἴρηται</em></strong></span> <span class='ocrx_word' id='word_1_126' title='bbox 500 1125 696 1184; x_wconf 60' lang='grc' dir='ltr'><strong><em>τοῦνομα]</em></strong></span> <span class='ocrx_word' id='word_1_127' title='bbox 718 1131 898 1170; x_wconf 77' lang='lat' dir='ltr'><strong>Politius</strong></span> <span class='ocrx_word' id='word_1_128' title='bbox 919 1133 1029 1172; x_wconf 88' lang='lat' dir='ltr'><strong>liber</strong></span> <span class='ocrx_word' id='word_1_129' title='bbox 1043 1135 1273 1175; x_wconf 68' lang='lat' dir='ltr'><strong>Palatinus</strong></span> <span class='ocrx_word' id='word_1_130' title='bbox 1288 1137 1440 1189; x_wconf 78' lang='grc' dir='ltr'><strong><em>εἴρηται</em></strong></span> <span class='ocrx_word' id='word_1_131' title='bbox 1457 1136 1514 1182; x_wconf 68' lang='grc' dir='ltr'><strong>δὲ.</strong></span> <span class='ocrx_word' id='word_1_132' title='bbox 1527 1135 1641 1188; x_wconf 87' lang='lat' dir='ltr'><strong>quod</strong></span> 
     </span>
     <span class='ocr_line' id='line_1_19' title="bbox 219 1187 1639 1245; baseline -0.002 -16"><span class='ocrx_word' id='word_1_133' title='bbox 219 1191 278 1229; x_wconf 87' lang='lat' dir='ltr'><strong>ita</strong></span> <span class='ocrx_word' id='word_1_134' title='bbox 301 1189 515 1242; x_wconf 87' lang='lat' dir='ltr'><strong>scripsisse</strong></span> <span class='ocrx_word' id='word_1_135' title='bbox 539 1189 751 1225; x_wconf 77' lang='lat' dir='ltr'><strong>Pollucem</strong></span> <span class='ocrx_word' id='word_1_136' title='bbox 767 1187 1041 1231; x_wconf 80' lang='lat' dir='ltr'><strong>existimabis.</strong></span> <span class='ocrx_word' id='word_1_137' title='bbox 1069 1188 1140 1228; x_wconf 87' lang='lat' dir='ltr'><strong>sed</strong></span> <span class='ocrx_word' id='word_1_138' title='bbox 1160 1189 1266 1229; x_wconf 84' lang='lat' dir='ltr'><strong>illud</strong></span> <span class='ocrx_word' id='word_1_139' title='bbox 1286 1190 1331 1228; x_wconf 88' lang='lat' dir='ltr'><strong>in</strong></span> <span class='ocrx_word' id='word_1_140' title='bbox 1350 1191 1533 1245; x_wconf 76' lang='lat' dir='ltr'><strong>vulgatis</strong></span> <span class='ocrx_word' id='word_1_141' title='bbox 1553 1190 1639 1230; x_wconf 88' lang='lat' dir='ltr'><strong>edi..</strong></span> 
     </span>
     <span class='ocr_line' id='line_1_20' title="bbox 218 1238 1639 1296; baseline 0 -12"><span class='ocrx_word' id='word_1_142' title='bbox 218 1245 405 1285; x_wconf 82' lang='lat' dir='ltr'><strong>tionibus</strong></span> <span class='ocrx_word' id='word_1_143' title='bbox 429 1243 593 1296; x_wconf 87' lang='lat' dir='ltr'><strong>turpius</strong></span> <span class='ocrx_word' id='word_1_144' title='bbox 618 1254 707 1282; x_wconf 83' lang='lat' dir='ltr'><strong>erat</strong></span> <span class='ocrx_word' id='word_1_145' title='bbox 724 1238 794 1284; x_wconf 75' lang='grc' dir='ltr'><strong>ἐπ’</strong></span> <span class='ocrx_word' id='word_1_146' title='bbox 814 1241 1062 1295; x_wconf 70' lang='grc' dir='ltr'><strong><em>αἷμφοτέρων,</em></strong></span> <span class='ocrx_word' id='word_1_147' title='bbox 1093 1244 1138 1282; x_wconf 90' lang='lat' dir='ltr'><strong>in</strong></span> <span class='ocrx_word' id='word_1_148' title='bbox 1157 1245 1278 1283; x_wconf 88' lang='lat' dir='ltr'><strong>cuius</strong></span> <span class='ocrx_word' id='word_1_149' title='bbox 1301 1260 1324 1283; x_wconf 89' lang='lat' dir='ltr'><strong>e</strong></span> <span class='ocrx_word' id='word_1_150' title='bbox 1341 1245 1470 1288; x_wconf 81' lang='lat' dir='ltr'><strong>MSS·</strong></span> <span class='ocrx_word' id='word_1_151' title='bbox 1499 1249 1639 1285; x_wconf 85' lang='lat' dir='ltr'><strong>locum</strong></span> 
     </span>
     <span class='ocr_line' id='line_1_21' title="bbox 217 1298 1639 1353; baseline 0 -12"><span class='ocrx_word' id='word_1_152' title='bbox 217 1301 415 1341; x_wconf 86' lang='lat' dir='ltr'><strong>successit</strong></span> <span class='ocrx_word' id='word_1_153' title='bbox 443 1298 664 1351; x_wconf 67' lang='grc' dir='ltr'><strong><em>ἀμφορέως.</em></strong></span> <span class='ocrx_word' id='word_1_154' title='bbox 718 1299 917 1351; x_wconf 73' lang='lat' dir='ltr'><strong>Aeschyli</strong></span> <span class='ocrx_word' id='word_1_155' title='bbox 941 1300 1162 1339; x_wconf 76' lang='lat' dir='ltr'><strong>Praecones</strong></span> <span class='ocrx_word' id='word_1_156' title='bbox 1197 1299 1376 1353; x_wconf 79' lang='lat' dir='ltr'><strong>Satyros</strong></span> <span class='ocrx_word' id='word_1_157' title='bbox 1402 1301 1639 1352; x_wconf 83' lang='lat' dir='ltr'><strong>saepissime</strong></span> 
     </span>
     <span class='ocr_line' id='line_1_22' title="bbox 216 1353 1640 1409; baseline 0 -13"><span class='ocrx_word' id='word_1_158' title='bbox 216 1357 409 1396; x_wconf 84' lang='lat' dir='ltr'><strong>nominat</strong></span> <span class='ocrx_word' id='word_1_159' title='bbox 437 1357 597 1393; x_wconf 80' lang='lat' dir='ltr'><strong>Auctor</strong></span> <span class='ocrx_word' id='word_1_160' title='bbox 622 1364 787 1401; x_wconf 87' lang='lat' dir='ltr'><strong>noster,</strong></span> <span class='ocrx_word' id='word_1_161' title='bbox 817 1353 869 1392; x_wconf 91' lang='lat' dir='ltr'><strong>de</strong></span> <span class='ocrx_word' id='word_1_162' title='bbox 898 1354 1052 1407; x_wconf 91' lang='lat' dir='ltr'><strong>quibus</strong></span> <span class='ocrx_word' id='word_1_163' title='bbox 1079 1355 1122 1393; x_wconf 87' lang='lat' dir='ltr'><strong>in</strong></span> <span class='ocrx_word' id='word_1_164' title='bbox 1143 1356 1415 1409; x_wconf 81' lang='lat' dir='ltr'><strong>sequentibus</strong></span> <span class='ocrx_word' id='word_1_165' title='bbox 1445 1366 1488 1396; x_wconf 83' lang='lat' dir='ltr'><strong>et</strong></span> <span class='ocrx_word' id='word_1_166' title='bbox 1518 1356 1640 1396; x_wconf 81' lang='lat' dir='ltr'><strong>nobis</strong></span> 
     </span>
     <span class='ocr_line' id='line_1_23' title="bbox 220 1410 1639 1464; baseline 0 -13"><span class='ocrx_word' id='word_1_167' title='bbox 220 1412 342 1451; x_wconf 86' lang='lat' dir='ltr'><strong>verba</strong></span> <span class='ocrx_word' id='word_1_168' title='bbox 370 1420 493 1450; x_wconf 85' lang='lat' dir='ltr'><strong>erunt</strong></span> <span class='ocrx_word' id='word_1_169' title='bbox 525 1410 733 1450; x_wconf 81' lang='lat' dir='ltr'><strong>facienda.</strong></span> <span class='ocrx_word' id='word_1_170' title='bbox 803 1410 1070 1464; x_wconf 80' lang='grc' dir='ltr'><strong><em>Στενόοτομον</em></strong></span> <span class='ocrx_word' id='word_1_171' title='bbox 1109 1424 1207 1450; x_wconf 84' lang='lat' dir='ltr'><strong>vero</strong></span> <span class='ocrx_word' id='word_1_172' title='bbox 1249 1425 1334 1450; x_wconf 88' lang='lat' dir='ltr'><strong>non</strong></span> <span class='ocrx_word' id='word_1_173' title='bbox 1366 1420 1476 1462; x_wconf 59' lang='lat' dir='ltr'><strong>,puto</strong></span> <span class='ocrx_word' id='word_1_174' title='bbox 1507 1412 1639 1451; x_wconf 72' lang='lat' dir='ltr'><strong>fuisse</strong></span> 
     </span>
     <span class='ocr_line' id='line_1_24' title="bbox 216 1465 1637 1520; baseline -0.001 -13"><span class='ocrx_word' id='word_1_175' title='bbox 216 1468 319 1508; x_wconf 77' lang='lat' dir='ltr'><strong>olim</strong></span> <span class='ocrx_word' id='word_1_176' title='bbox 351 1476 506 1505; x_wconf 89' lang='lat' dir='ltr'><strong>certum</strong></span> <span class='ocrx_word' id='word_1_177' title='bbox 539 1465 745 1520; x_wconf 83' lang='lat' dir='ltr'><strong>quoddam</strong></span> <span class='ocrx_word' id='word_1_178' title='bbox 779 1466 938 1504; x_wconf 89' lang='lat' dir='ltr'><strong>vasculi</strong></span> <span class='ocrx_word' id='word_1_179' title='bbox 966 1478 1120 1520; x_wconf 84' lang='lat' dir='ltr'><strong>genus;</strong></span> <span class='ocrx_word' id='word_1_180' title='bbox 1153 1474 1197 1504; x_wconf 85' lang='lat' dir='ltr'><strong>at</strong></span> <span class='ocrx_word' id='word_1_181' title='bbox 1227 1465 1406 1519; x_wconf 81' lang='lat' dir='ltr'><strong>quodvis</strong></span> <span class='ocrx_word' id='word_1_182' title='bbox 1424 1469 1637 1506; x_wconf 74' lang='lat' dir='ltr'><strong>vasculum</strong></span> 
     </span>
     <span class='ocr_line' id='line_1_25' title="bbox 221 1519 1638 1576; baseline -0.002 -13"><span class='ocrx_word' id='word_1_183' title='bbox 221 1538 295 1563; x_wconf 89' lang='lat' dir='ltr'><strong>ore</strong></span> <span class='ocrx_word' id='word_1_184' title='bbox 335 1531 513 1576; x_wconf 84' lang='lat' dir='ltr'><strong>angusto</strong></span> <span class='ocrx_word' id='word_1_185' title='bbox 550 1521 805 1573; x_wconf 78' lang='grc' dir='ltr'><strong><em>στενόστομον</em></strong></span> <span class='ocrx_word' id='word_1_186' title='bbox 837 1519 994 1560; x_wconf 83' lang='lat' dir='ltr'><strong>dictum</strong></span> <span class='ocrx_word' id='word_1_187' title='bbox 1029 1522 1138 1569; x_wconf 84' lang='lat' dir='ltr'><strong>fuit,</strong></span> <span class='ocrx_word' id='word_1_188' title='bbox 1178 1520 1292 1561; x_wconf 88' lang='lat' dir='ltr'><strong>unde</strong></span> <span class='ocrx_word' id='word_1_189' title='bbox 1321 1523 1490 1575; x_wconf 81' lang='lat' dir='ltr'><strong>saepius</strong></span> <span class='ocrx_word' id='word_1_190' title='bbox 1528 1520 1638 1576; x_wconf 85' lang='lat' dir='ltr'><strong>apud</strong></span> 
     </span>
     <span class='ocr_line' id='line_1_26' title="bbox 221 1575 1638 1630; baseline -0.001 -13"><span class='ocrx_word' id='word_1_191' title='bbox 221 1580 524 1617; x_wconf 79' lang='lat' dir='ltr'><strong>Grammaticos</strong></span> <span class='ocrx_word' id='word_1_192' title='bbox 552 1575 807 1627; x_wconf 73' lang='grc' dir='ltr'><strong>στενόστομον</strong></span> <span class='ocrx_word' id='word_1_193' title='bbox 825 1575 1003 1630; x_wconf 71' lang='grc' dir='ltr'><strong>ἀγγεῖον,</strong></span> <span class='ocrx_word' id='word_1_194' title='bbox 1034 1591 1110 1616; x_wconf 87' lang='lat' dir='ltr'><strong>nec</strong></span> <span class='ocrx_word' id='word_1_195' title='bbox 1127 1576 1247 1616; x_wconf 82' lang='lat' dir='ltr'><strong>aliter</strong></span> <span class='ocrx_word' id='word_1_196' title='bbox 1265 1577 1308 1616; x_wconf 88' lang='lat' dir='ltr'><strong>in</strong></span> <span class='ocrx_word' id='word_1_197' title='bbox 1328 1578 1523 1628; x_wconf 76' lang='lat' dir='ltr'><strong>Aeschylo</strong></span> <span class='ocrx_word' id='word_1_198' title='bbox 1542 1593 1638 1620; x_wconf 75' lang='grc' dir='ltr'><strong>ατε-</strong></span> 
     </span>
     <span class='ocr_line' id='line_1_27' title="bbox 218 1630 1639 1687; baseline -0.004 -11"><span class='ocrx_word' id='word_1_199' title='bbox 218 1632 407 1685; x_wconf 67' lang='grc' dir='ltr'><strong><em>νόστομου</em></strong></span> <span class='ocrx_word' id='word_1_200' title='bbox 421 1634 568 1687; x_wconf 70' lang='grc' dir='ltr'><strong><em>τεῦχος.</em></strong></span> <span class='ocrx_word' id='word_1_201' title='bbox 597 1632 822 1685; x_wconf 85' lang='lat' dir='ltr'><strong>posteriori</strong></span> <span class='ocrx_word' id='word_1_202' title='bbox 843 1642 976 1672; x_wconf 82' lang='lat' dir='ltr'><strong>aetate</strong></span> <span class='ocrx_word' id='word_1_203' title='bbox 994 1646 1093 1671; x_wconf 85' lang='lat' dir='ltr'><strong>vero</strong></span> <span class='ocrx_word' id='word_1_204' title='bbox 1116 1630 1353 1685; x_wconf 73' lang='grc' dir='ltr'><strong><em>στενόστομα</em></strong></span> <span class='ocrx_word' id='word_1_205' title='bbox 1372 1634 1546 1673; x_wconf 80' lang='lat' dir='ltr'><strong>fuerunt</strong></span> <span class='ocrx_word' id='word_1_206' title='bbox 1563 1647 1639 1685; x_wconf 77' lang='lat' dir='ltr'><strong>ap.</strong></span> 
     </span>
     <span class='ocr_line' id='line_1_28' title="bbox 220 1687 1637 1744; baseline -0.003 -14"><span class='ocrx_word' id='word_1_207' title='bbox 220 1694 372 1744; x_wconf 84' lang='lat' dir='ltr'><strong>pellata</strong></span> <span class='ocrx_word' id='word_1_208' title='bbox 397 1693 563 1728; x_wconf 89' lang='lat' dir='ltr'><strong>vascula</strong></span> <span class='ocrx_word' id='word_1_209' title='bbox 598 1687 796 1740; x_wconf 88' lang='lat' dir='ltr'><strong>quaedam</strong></span> <span class='ocrx_word' id='word_1_210' title='bbox 832 1688 915 1726; x_wconf 91' lang='lat' dir='ltr'><strong>oris</strong></span> <span class='ocrx_word' id='word_1_211' title='bbox 944 1688 1128 1742; x_wconf 85' lang='lat' dir='ltr'><strong>angusti,</strong></span> <span class='ocrx_word' id='word_1_212' title='bbox 1158 1688 1269 1727; x_wconf 87' lang='lat' dir='ltr'><strong>sicut</strong></span> <span class='ocrx_word' id='word_1_213' title='bbox 1289 1703 1341 1728; x_wconf 84' lang='lat' dir='ltr'><strong>ex</strong></span> <span class='ocrx_word' id='word_1_214' title='bbox 1364 1688 1637 1734; x_wconf 75' lang='lat' dir='ltr'><strong>Artemidoro,</strong></span> 
     </span>
     <span class='ocr_line' id='line_1_29' title="bbox 219 1743 1638 1798; baseline -0.002 -12"><span class='ocrx_word' id='word_1_215' title='bbox 219 1747 337 1786; x_wconf 88' lang='lat' dir='ltr'><strong>cuius</strong></span> <span class='ocrx_word' id='word_1_216' title='bbox 360 1755 400 1784; x_wconf 90' lang='lat' dir='ltr'><strong>et</strong></span> <span class='ocrx_word' id='word_1_217' title='bbox 419 1759 496 1798; x_wconf 87' lang='lat' dir='ltr'><strong>ego</strong></span> <span class='ocrx_word' id='word_1_218' title='bbox 513 1743 619 1783; x_wconf 89' lang='lat' dir='ltr'><strong>mihi</strong></span> <span class='ocrx_word' id='word_1_219' title='bbox 636 1746 775 1783; x_wconf 89' lang='lat' dir='ltr'><strong>locum</strong></span> <span class='ocrx_word' id='word_1_220' title='bbox 793 1753 1046 1793; x_wconf 85' lang='lat' dir='ltr'><strong>notaveram,</strong></span> <span class='ocrx_word' id='word_1_221' title='bbox 1077 1753 1174 1796; x_wconf 78' lang='lat' dir='ltr'><strong>post</strong></span> <span class='ocrx_word' id='word_1_222' title='bbox 1195 1744 1483 1783; x_wconf 75' lang='lat' dir='ltr'><strong>casaubonum</strong></span> <span class='ocrx_word' id='word_1_223' title='bbox 1503 1743 1638 1783; x_wconf 83' lang='lat' dir='ltr'><strong>obser-</strong></span> 
     </span>
     <span class='ocr_line' id='line_1_30' title="bbox 223 1796 1638 1853; baseline 0.001 -14"><span class='ocrx_word' id='word_1_224' title='bbox 223 1812 297 1841; x_wconf 86' lang='lat' dir='ltr'><strong>vat</strong></span> <span class='ocrx_word' id='word_1_225' title='bbox 318 1803 665 1853; x_wconf 77' lang='lat' dir='ltr'><strong>langermannua.</strong></span> <span class='ocrx_word' id='word_1_226' title='bbox 703 1810 791 1838; x_wconf 82' lang='lat' dir='ltr'><strong>non</strong></span> <span class='ocrx_word' id='word_1_227' title='bbox 811 1799 970 1838; x_wconf 87' lang='lat' dir='ltr'><strong>isthaec</strong></span> <span class='ocrx_word' id='word_1_228' title='bbox 988 1800 1127 1853; x_wconf 87' lang='lat' dir='ltr'><strong>itaque</strong></span> <span class='ocrx_word' id='word_1_229' title='bbox 1146 1801 1347 1838; x_wconf 60' lang='lat' dir='ltr'><strong>Pollusca</strong></span> <span class='ocrx_word' id='word_1_230' title='bbox 1367 1798 1418 1852; x_wconf 71' lang='lat' dir='ltr'><strong>de</strong></span> <span class='ocrx_word' id='word_1_231' title='bbox 1436 1796 1638 1842; x_wconf 69' lang='lat' dir='ltr'><strong>otenooto&#39;·</strong></span> 
     </span>
     <span class='ocr_line' id='line_1_31' title="bbox 219 1854 1640 1911; baseline -0.001 -16"><span class='ocrx_word' id='word_1_232' title='bbox 219 1876 280 1911; x_wconf 84' lang='grc' dir='ltr'><strong>μῳ</strong></span> <span class='ocrx_word' id='word_1_233' title='bbox 301 1870 601 1909; x_wconf 89' lang='lat' dir='ltr'><strong>usquequaque</strong></span> <span class='ocrx_word' id='word_1_234' title='bbox 630 1854 798 1894; x_wconf 86' lang='lat' dir='ltr'><strong>laudare</strong></span> <span class='ocrx_word' id='word_1_235' title='bbox 828 1855 952 1894; x_wconf 88' lang='lat' dir='ltr'><strong>velim</strong></span> <span class='ocrx_word' id='word_1_236' title='bbox 973 1864 1014 1895; x_wconf 84' lang='lat' dir='ltr'><strong>et</strong></span> <span class='ocrx_word' id='word_1_237' title='bbox 1034 1854 1284 1907; x_wconf 80' lang='lat' dir='ltr'><strong>approbare,</strong></span> <span class='ocrx_word' id='word_1_238' title='bbox 1317 1855 1474 1908; x_wconf 84' lang='lat' dir='ltr'><strong>quippe</strong></span> <span class='ocrx_word' id='word_1_239' title='bbox 1495 1855 1568 1907; x_wconf 88' lang='lat' dir='ltr'><strong>qui</strong></span> <span class='ocrx_word' id='word_1_240' title='bbox 1588 1869 1640 1894; x_wconf 82' lang='lat' dir='ltr'><strong>ne</strong></span> 
     </span>
     <span class='ocr_line' id='line_1_32' title="bbox 220 1910 1637 1964; baseline -0.002 -14"><span class='ocrx_word' id='word_1_241' title='bbox 220 1913 415 1963; x_wconf 76' lang='lat' dir='ltr'><strong>Aeschyli</strong></span> <span class='ocrx_word' id='word_1_242' title='bbox 445 1910 611 1963; x_wconf 89' lang='lat' dir='ltr'><strong>quidem</strong></span> <span class='ocrx_word' id='word_1_243' title='bbox 642 1913 780 1949; x_wconf 90' lang='lat' dir='ltr'><strong>locum</strong></span> <span class='ocrx_word' id='word_1_244' title='bbox 809 1920 906 1962; x_wconf 88' lang='lat' dir='ltr'><strong>apte</strong></span> <span class='ocrx_word' id='word_1_245' title='bbox 935 1910 1037 1949; x_wconf 82' lang='lat' dir='ltr'><strong>satis</strong></span> <span class='ocrx_word' id='word_1_246' title='bbox 1073 1910 1355 1962; x_wconf 87' lang='lat' dir='ltr'><strong>usurpaverit,</strong></span> <span class='ocrx_word' id='word_1_247' title='bbox 1383 1911 1428 1948; x_wconf 86' lang='lat' dir='ltr'><strong>in</strong></span> <span class='ocrx_word' id='word_1_248' title='bbox 1451 1924 1534 1964; x_wconf 86' lang='lat' dir='ltr'><strong>quo</strong></span> <span class='ocrx_word' id='word_1_249' title='bbox 1552 1924 1637 1948; x_wconf 90' lang='lat' dir='ltr'><strong>non</strong></span> 
     </span>
     <span class='ocr_line' id='line_1_33' title="bbox 218 1964 1638 2020; baseline -0.007 -8"><span class='ocrx_word' id='word_1_250' title='bbox 218 1964 479 2018; x_wconf 73' lang='grc' dir='ltr'><strong><em>στινόστομον</em></strong></span> <span class='ocrx_word' id='word_1_251' title='bbox 506 1967 662 2012; x_wconf 87' lang='lat' dir='ltr'><strong>solum,</strong></span> <span class='ocrx_word' id='word_1_252' title='bbox 692 1965 804 2020; x_wconf 85' lang='lat' dir='ltr'><strong>quod</strong></span> <span class='ocrx_word' id='word_1_253' title='bbox 839 1966 991 2004; x_wconf 83' lang='lat' dir='ltr'><strong>veteris</strong></span> <span class='ocrx_word' id='word_1_254' title='bbox 1017 1966 1235 2019; x_wconf 85' lang='lat' dir='ltr'><strong>scriptoris</strong></span> <span class='ocrx_word' id='word_1_255' title='bbox 1266 1965 1517 2009; x_wconf 80' lang='lat' dir='ltr'><strong>auctoritate</strong></span> <span class='ocrx_word' id='word_1_256' title='bbox 1546 1978 1638 2003; x_wconf 89' lang='lat' dir='ltr'><strong>mu—</strong></span> 
     </span>
     <span class='ocr_line' id='line_1_34' title="bbox 219 2019 1638 2072; baseline -0.004 -9"><span class='ocrx_word' id='word_1_257' title='bbox 219 2022 420 2064; x_wconf 78' lang='lat' dir='ltr'><strong>niendum</strong></span> <span class='ocrx_word' id='word_1_258' title='bbox 442 2031 556 2070; x_wconf 83' lang='lat' dir='ltr'><strong>erat,</strong></span> <span class='ocrx_word' id='word_1_259' title='bbox 587 2020 639 2059; x_wconf 86' lang='lat' dir='ltr'><strong>de</strong></span> <span class='ocrx_word' id='word_1_260' title='bbox 673 2020 870 2072; x_wconf 86' lang='lat' dir='ltr'><strong>amphora</strong></span> <span class='ocrx_word' id='word_1_261' title='bbox 900 2021 1084 2071; x_wconf 88' lang='lat' dir='ltr'><strong>dicatur,</strong></span> <span class='ocrx_word' id='word_1_262' title='bbox 1113 2021 1184 2060; x_wconf 86' lang='lat' dir='ltr'><strong>sed</strong></span> <span class='ocrx_word' id='word_1_263' title='bbox 1205 2019 1470 2071; x_wconf 70' lang='grc' dir='ltr'><strong><em>στενόστομον</em></strong></span> <span class='ocrx_word' id='word_1_264' title='bbox 1493 2021 1638 2072; x_wconf 79' lang='grc' dir='ltr'><strong><em>τεῦχος.</em></strong></span> 
     </span>
    </p>

    <p class='ocr_par' dir='ltr' id='par_1_6' title="bbox 217 2074 1687 2233">
     <span class='ocr_line' id='line_1_35' title="bbox 328 2074 1637 2129; baseline 0.002 -16"><span class='ocrx_word' id='word_1_265' title='bbox 328 2078 394 2121; x_wconf 66' lang='grc' dir='ltr'><strong>ἐπὶ</strong></span> <span class='ocrx_word' id='word_1_266' title='bbox 423 2075 681 2129; x_wconf 63' lang='grc' dir='ltr'><strong><em>ἀμφοτέρων]</em></strong></span> <span class='ocrx_word' id='word_1_267' title='bbox 733 2076 908 2114; x_wconf 68' lang='lat' dir='ltr'><strong>casaub.</strong></span> <span class='ocrx_word' id='word_1_268' title='bbox 953 2076 1091 2114; x_wconf 89' lang='lat' dir='ltr'><strong>malim</strong></span> <span class='ocrx_word' id='word_1_269' title='bbox 1130 2074 1345 2128; x_wconf 67' lang='grc' dir='ltr'><strong><em>ἀμφορέων</em></strong></span> <span class='ocrx_word' id='word_1_270' title='bbox 1372 2076 1467 2115; x_wconf 91' lang='lat' dir='ltr'><strong>libr.</strong></span> <span class='ocrx_word' id='word_1_271' title='bbox 1497 2076 1555 2117; x_wconf 88' lang='lat'><strong>11.</strong></span> <span class='ocrx_word' id='word_1_272' title='bbox 1586 2074 1637 2117; x_wconf 81' lang='lat' dir='ltr'><strong>de</strong></span> 
     </span>
     <span class='ocr_line' id='line_1_36' title="bbox 217 2130 1687 2187; baseline -0.001 -14"><span class='ocrx_word' id='word_1_273' title='bbox 217 2137 356 2187; x_wconf 78' lang='lat' dir='ltr'><strong>Satyr.</strong></span> <span class='ocrx_word' id='word_1_274' title='bbox 385 2136 511 2172; x_wconf 77' lang='grc' dir='ltr'><em>Ρυέει·</em></span> <span class='ocrx_word' id='word_1_275' title='bbox 538 2146 632 2186; x_wconf 89' lang='lat' dir='ltr'><strong>pag.</strong></span> <span class='ocrx_word' id='word_1_276' title='bbox 667 2130 757 2186; x_wconf 87' lang='lat'><strong>169.</strong></span> <span class='ocrx_word' id='word_1_277' title='bbox 799 2130 884 2172; x_wconf 88' lang='lat' dir='ltr'><strong>vid.</strong></span> <span class='ocrx_word' id='word_1_278' title='bbox 915 2140 957 2171; x_wconf 88' lang='lat' dir='ltr'><strong>et</strong></span> <span class='ocrx_word' id='word_1_279' title='bbox 986 2131 1122 2170; x_wconf 89' lang='lat' dir='ltr'><strong>Anim.</strong></span> <span class='ocrx_word' id='word_1_280' title='bbox 1150 2132 1197 2170; x_wconf 89' lang='lat' dir='ltr'><strong>in</strong></span> <span class='ocrx_word' id='word_1_281' title='bbox 1223 2131 1484 2172; x_wconf 71' lang='lat' dir='ltr'><strong>Athenaeum</strong></span> <span class='ocrx_word' id='word_1_282' title='bbox 1511 2131 1569 2181; x_wconf 87' lang='lat' dir='ltr'><strong>X,</strong></span> <span class='ocrx_word' id='word_1_283' title='bbox 1599 2144 1635 2185; x_wconf 92' lang='lat'><strong>7.</strong></span> <span class='ocrx_word' id='word_1_284' title='bbox 1683 2146 1687 2149; x_wconf 64' lang='grc'>’</span> 
     </span>
     <span class='ocr_line' id='line_1_37' title="bbox 219 2191 1502 2233; baseline 0 -4"><span class='ocrx_word' id='word_1_285' title='bbox 219 2191 436 2233; x_wconf 71' lang='lat' dir='ltr'><strong>Snssmms.</strong></span> <span class='ocrx_word' id='word_1_286' title='bbox 500 2204 503 2206; x_wconf 85' lang='lat'>·</span> <span class='ocrx_word' id='word_1_287' title='bbox 1477 2200 1502 2229; x_wconf 80' lang='grc'><strong>’.</strong></span> 
     </span>
    </p>

    <p class='ocr_par' dir='ltr' id='par_1_7' title="bbox 219 2239 1635 2359">
     <span class='ocr_line' id='line_1_38' title="bbox 330 2239 1635 2296; baseline -0.003 -8"><span class='ocrx_word' id='word_1_288' title='bbox 330 2248 396 2288; x_wconf 75' lang='grc' dir='ltr'><strong>ἐπὶ</strong></span> <span class='ocrx_word' id='word_1_289' title='bbox 424 2239 681 2296; x_wconf 73' lang='grc' dir='ltr'><strong><em>α’μφοτὲρων]</em></strong></span> <span class='ocrx_word' id='word_1_290' title='bbox 723 2241 770 2282; x_wconf 86' lang='lat' dir='ltr'><strong>C.</strong></span> <span class='ocrx_word' id='word_1_291' title='bbox 806 2241 857 2281; x_wconf 90' lang='lat' dir='ltr'><strong>V.</strong></span> <span class='ocrx_word' id='word_1_292' title='bbox 886 2243 951 2283; x_wconf 73' lang='grc' dir='ltr'><strong>ἐπὶ</strong></span> <span class='ocrx_word' id='word_1_293' title='bbox 968 2239 1180 2292; x_wconf 68' lang='grc' dir='ltr'><strong><em>ἀμφορέως</em></strong></span> <span class='ocrx_word' id='word_1_294' title='bbox 1202 2240 1459 2294; x_wconf 68' lang='grc' dir='ltr'><strong>στενόστομον</strong></span> <span class='ocrx_word' id='word_1_295' title='bbox 1479 2239 1527 2284; x_wconf 62' lang='lat' dir='ltr'><strong>to*</strong></span> <span class='ocrx_word' id='word_1_296' title='bbox 1543 2241 1635 2284; x_wconf 77' lang='grc' dir='ltr'><strong>τεῦ-</strong></span> 
     </span>
     <span class='ocr_line' id='line_1_39' title="bbox 219 2297 1533 2359; baseline -0.002 -19"><span class='ocrx_word' id='word_1_297' title='bbox 219 2320 302 2359; x_wconf 69' lang='lat'><strong><em>2⁰4·-</em></strong></span> <span class='ocrx_word' id='word_1_298' title='bbox 334 2310 397 2340; x_wconf 85' lang='lat' dir='ltr'><strong>est</strong></span> <span class='ocrx_word' id='word_1_299' title='bbox 413 2299 637 2351; x_wconf 83' lang='lat' dir='ltr'><strong>descriptio</strong></span> <span class='ocrx_word' id='word_1_300' title='bbox 658 2297 880 2349; x_wconf 86' lang='lat' dir='ltr'><strong>amphorae</strong></span> <span class='ocrx_word' id='word_1_301' title='bbox 901 2311 991 2334; x_wconf 89' lang='lat' dir='ltr'><strong>cum</strong></span> <span class='ocrx_word' id='word_1_302' title='bbox 1015 2308 1192 2349; x_wconf 83' lang='lat' dir='ltr'><strong>angusto</strong></span> <span class='ocrx_word' id='word_1_303' title='bbox 1213 2311 1296 2341; x_wconf 87' lang='lat' dir='ltr'><strong>ore.</strong></span> <span class='ocrx_word' id='word_1_304' title='bbox 1353 2299 1533 2338; x_wconf 62' lang='lat' dir='ltr'><strong>Konna.</strong></span> 
     </span>
    </p>

    <p class='ocr_par' dir='ltr' id='par_1_8' title="bbox 221 2351 1636 2634">
     <span class='ocr_line' id='line_1_40' title="bbox 329 2351 1635 2410; baseline -0.006 -11"><span class='ocrx_word' id='word_1_305' title='bbox 329 2357 396 2400; x_wconf 72' lang='grc' dir='ltr'><strong>ἐπὶ</strong></span> <span class='ocrx_word' id='word_1_306' title='bbox 415 2353 668 2410; x_wconf 72' lang='grc' dir='ltr'><strong><em>οἷμφοτέρων]</em></strong></span> <span class='ocrx_word' id='word_1_307' title='bbox 697 2352 778 2394; x_wconf 85' lang='lat' dir='ltr'><strong>Sed</strong></span> <span class='ocrx_word' id='word_1_308' title='bbox 798 2351 910 2406; x_wconf 79' lang='lat' dir='ltr'><strong>quod</strong></span> <span class='ocrx_word' id='word_1_309' title='bbox 929 2351 1118 2403; x_wconf 85' lang='lat' dir='ltr'><strong>sequitur</strong></span> <span class='ocrx_word' id='word_1_310' title='bbox 1135 2352 1203 2395; x_wconf 71' lang='grc' dir='ltr'><strong>ἐπὶ</strong></span> <span class='ocrx_word' id='word_1_311' title='bbox 1225 2351 1480 2404; x_wconf 72' lang='grc' dir='ltr'><strong>ἅμφοτε’ρων,,</strong></span> <span class='ocrx_word' id='word_1_312' title='bbox 1513 2355 1635 2405; x_wconf 85' lang='lat' dir='ltr'><strong>plane</strong></span> 
     </span>
     <span class='ocr_line' id='line_1_41' title="bbox 221 2407 1636 2465; baseline -0.004 -13"><span class='ocrx_word' id='word_1_313' title='bbox 221 2423 461 2465; x_wconf 85' lang='lat' dir='ltr'><strong>corruptum</strong></span> <span class='ocrx_word' id='word_1_314' title='bbox 498 2419 572 2449; x_wconf 81' lang='lat' dir='ltr'><strong>est.</strong></span> <span class='ocrx_word' id='word_1_315' title='bbox 628 2412 810 2461; x_wconf 78' lang='lat' dir='ltr'><strong>Magnus</strong></span> <span class='ocrx_word' id='word_1_316' title='bbox 852 2407 1114 2446; x_wconf 75' lang='lat' dir='ltr'><strong>casaubonus</strong></span> <span class='ocrx_word' id='word_1_317' title='bbox 1147 2407 1222 2446; x_wconf 86' lang='lat' dir='ltr'><strong>lib.</strong></span> <span class='ocrx_word' id='word_1_318' title='bbox 1250 2409 1306 2447; x_wconf 86' lang='grc' dir='ltr'><strong>ΙΙ.</strong></span> <span class='ocrx_word' id='word_1_319' title='bbox 1353 2407 1404 2448; x_wconf 81' lang='lat' dir='ltr'><strong>de</strong></span> <span class='ocrx_word' id='word_1_320' title='bbox 1445 2410 1636 2461; x_wconf 75' lang='lat' dir='ltr'><strong>Satyrion</strong></span> 
     </span>
     <span class='ocr_line' id='line_1_42' title="bbox 221 2461 1635 2520; baseline -0.005 -11"><span class='ocrx_word' id='word_1_321' title='bbox 221 2470 344 2509; x_wconf 77' lang='grc' dir='ltr'><strong><em>Ροέεἱ</em></strong></span> <span class='ocrx_word' id='word_1_322' title='bbox 366 2481 454 2520; x_wconf 86' lang='lat' dir='ltr'><strong>cap.</strong></span> <span class='ocrx_word' id='word_1_323' title='bbox 484 2466 524 2507; x_wconf 84' lang='lat'><strong>5.</strong></span> <span class='ocrx_word' id='word_1_324' title='bbox 553 2465 628 2505; x_wconf 88' lang='lat' dir='ltr'><strong>ubi</strong></span> <span class='ocrx_word' id='word_1_325' title='bbox 645 2464 696 2503; x_wconf 85' lang='lat' dir='ltr'><strong>de</strong></span> <span class='ocrx_word' id='word_1_326' title='bbox 711 2463 911 2514; x_wconf 78' lang='lat' dir='ltr'><strong>Aeschyli</strong></span> <span class='ocrx_word' id='word_1_327' title='bbox 929 2461 1008 2501; x_wconf 87' lang='lat' dir='ltr'><strong>hoc</strong></span> <span class='ocrx_word' id='word_1_328' title='bbox 1037 2461 1216 2502; x_wconf 84' lang='lat' dir='ltr'><strong>dramate</strong></span> <span class='ocrx_word' id='word_1_329' title='bbox 1235 2463 1462 2515; x_wconf 85' lang='lat' dir='ltr'><strong>Satyrico,·</strong></span> <span class='ocrx_word' id='word_1_330' title='bbox 1478 2466 1635 2503; x_wconf 86' lang='lat' dir='ltr'><strong>mavult</strong></span> 
     </span>
     <span class='ocr_line' id='line_1_43' title="bbox 221 2517 1633 2576; baseline -0.007 -10"><span class='ocrx_word' id='word_1_331' title='bbox 221 2523 447 2576; x_wconf 70' lang='grc' dir='ltr'><strong><em>ἀμφορέων.</em></strong></span> <span class='ocrx_word' id='word_1_332' title='bbox 505 2519 736 2561; x_wconf 86' lang='lat' dir='ltr'><strong>Laudanda</strong></span> <span class='ocrx_word' id='word_1_333' title='bbox 765 2518 844 2558; x_wconf 86' lang='lat' dir='ltr'><strong>viri</strong></span> <span class='ocrx_word' id='word_1_334' title='bbox 872 2517 1062 2570; x_wconf 70' lang='grc' dir='ltr'><strong><em>εύστοχία·</em></strong></span> <span class='ocrx_word' id='word_1_335' title='bbox 1099 2532 1185 2558; x_wconf 85' lang='lat' dir='ltr'><strong>non</strong></span> <span class='ocrx_word' id='word_1_336' title='bbox 1217 2529 1380 2571; x_wconf 86' lang='lat' dir='ltr'><strong>poterat</strong></span> <span class='ocrx_word' id='word_1_337' title='bbox 1405 2519 1633 2571; x_wconf 80' lang='lat' dir='ltr'><strong>proximius</strong></span> 
     </span>
     <span class='ocr_line' id='line_1_44' title="bbox 221 2572 1632 2634; baseline -0.004 -15"><span class='ocrx_word' id='word_1_338' title='bbox 221 2593 409 2634; x_wconf 84' lang='lat' dir='ltr'><strong>scopum.</strong></span> <span class='ocrx_word' id='word_1_339' title='bbox 438 2576 530 2619; x_wconf 82' lang='lat' dir='ltr'><strong>MS.</strong></span> <span class='ocrx_word' id='word_1_340' title='bbox 561 2576 671 2618; x_wconf 87' lang='lat' dir='ltr'><strong>enim</strong></span> <span class='ocrx_word' id='word_1_341' title='bbox 705 2584 845 2615; x_wconf 78' lang='lat' dir='ltr'><strong>noster</strong></span> <span class='ocrx_word' id='word_1_342' title='bbox 869 2576 936 2617; x_wconf 80' lang='grc' dir='ltr'><strong>ἐπὶ</strong></span> <span class='ocrx_word' id='word_1_343' title='bbox 963 2573 1172 2628; x_wconf 70' lang='grc' dir='ltr'><strong><em>ἀμφορέως</em></strong></span> <span class='ocrx_word' id='word_1_344' title='bbox 1213 2572 1364 2615; x_wconf 84' lang='lat' dir='ltr'><strong>diserte</strong></span> <span class='ocrx_word' id='word_1_345' title='bbox 1390 2574 1528 2616; x_wconf 79' lang='lat' dir='ltr'><strong>habet.</strong></span> <span class='ocrx_word' id='word_1_346' title='bbox 1573 2588 1632 2615; x_wconf 84' lang='lat' dir='ltr'><strong>re-</strong></span> 
     </span>
    </p>
   </div>
  </div>
 </body>
</html>
