1690 2996
226 158 334 200 1086
862 152 939 192 IX.
996 156 1060 198 84.

227 267 315 307 rint
342 264 520 306 nummis
538 263 715 322 χάραγμα
731 261 904 320 τοξότην,
934 265 999 305 uti
1023 273 1186 305 constat
1208 278 1262 304 ex
1283 266 1510 306 Plutarchi
1530 266 1643 322 Apo-

228 323 410 378 phtegm.
448 322 610 364 Lacon.
667 322 838 373 Ephesii
863 335 1042 372 cervam,
1074 330 1220 374 utpote
1237 323 1429 374 Dianae,
1459 323 1579 363 cuius
1597 325 1643 363 in

230 382 359 418 tutela
370 378 471 418 haec
488 387 575 417 erat
585 376 691 428 urbo,
704 391 872 428 sacram,
883 387 930 416 ut
946 376 1105 416 indicat
1120 377 1318 416 Libaniue
1327 377 1441 419 Orat.
1453 379 1496 417 in
1510 380 1643 421 Dian.

228 430 427 486 »Εφεσίοις
444 433 485 475 δὲ
501 434 567 475 καὶ
582 431 624 475 τό
646 430 814 486 νόμισμα
830 435 897 475 καὶ
915 432 987 484 τὴν
1003 433 1151 485 ἔλαφον
1170 434 1314 487 ἔφερεν,
1329 429 1648 501 ἇμοιβῆν-τῇθεῷ

229 487 409 543 μεγάλων
435 487 610 544 ἀγαθοῖν.
668 489 816 543 Argivi
836 489 1019 542 denique
1037 491 1194 541 lupum,
1226 489 1344 528 cuius
1363 491 1422 529 rei
1446 499 1564 530 testis
1583 502 1648 532 est

231 546 444 597 Sophoclis
471 543 582 585 haud
613 544 845 585 ineruditus
871 545 1119 583 scholiastes
1149 543 1200 582 ad
1232 545 1440 584 Electram
1467 560 1504 588 v.
1535 545 1576 589 6.
1605 556 1649 588 et

232 600 323 641 eius
355 600 435 640 tibi
461 600 583 640 verba
613 600 656 638 in
685 599 865 646 medium
893 599 1084 653 posuisse
1113 598 1224 638 haud
1248 599 1379 638 fuerit
1401 599 1646 657 indiguumz

237 659 289 698 Οἱ
315 656 357 698 δὲ
384 654 659 708 (Λυκοκτόνον
681 653 750 697 τὸν
770 652 1003 698 Ἀπόλλωνα
1033 651 1298 707 ὀνομάζεσθαι
1320 657 1489 711 λέγουσι)
1521 657 1585 700 διὰ
1605 657 1648 701 τό

191 721 193 723 ’
234 711 339 767 ἱερὸν
361 711 462 754 εἶναι
479 710 522 753 τὸ
542 715 658 761 ζοῖον,
689 708 742 760 ὦς
761 713 828 753 καὶ
845 715 915 763 τῆς
925 707 1158 764 Ἀρτεμίδος
1175 709 1243 759 τὰς
1261 710 1449 763 ἐλάφους·
1479 712 1574 756 ὅθεν
1584 715 1652 756 καὶ

233 772 288 819 τῷ
314 770 523 821 νομίσματι
550 771 630 808 τῶν
653 764 847 822 Ἀργείων
874 764 1172 820 ἔγχαράττεσθαί
1193 781 1292 818 φασι
1316 764 1480 819 λύκους,
1513 768 1565 818 ὥς
1584 771 1652 812 καὶ

233 823 303 873 τὰς
330 827 501 879 γλαῦκας
527 820 738 878 Ἀθήνῃσι.
797 825 848 862 Et
876 822 926 861 de
948 825 1050 874 lupo
1072 821 1237 876 quidem
1255 836 1340 861 non
1359 823 1483 864 habet
1503 826 1653 866 Pollux

235 890 390 931 noster,
422 878 494 935 qui
515 891 669 917 murem
691 878 735 916 in
755 877 1007 931 Argivorum
1029 876 1206 915 nummis
1223 879 1427 931 sculptum
1447 880 1654 933 perhibet.

236 934 310 975 sed
340 948 439 974 vero
468 932 617 988 Argivi
643 942 725 971 tam
752 947 906 972 murem
936 946 1055 986 quam
1082 934 1246 985 lupum,
1276 941 1318 972 et
1337 944 1557 989 utrumque
1583 934 1657 974 di·-

237 990 367 1031 versis
388 989 513 1030 etiam
533 988 791 1041 temporibus
811 988 855 1026 in
878 1002 951 1027 sua
975 987 1182 1042 signatum
1203 986 1384 1030 habuere
1403 1000 1581 1032 moneta.
1612 1001 1657 1032 at

238 1045 348 1098 apud
375 1044 550 1085 eundem
580 1043 750 1084 observa
776 1044 857 1094 sis,
890 1043 940 1083 de
968 1043 1135 1082 noctuis
1159 1057 1264 1097 quae
1286 1042 1412 1096 dicit,
1447 1045 1656 1100 siquidem

239 1101 289 1141 ad
309 1101 522 1154 superiora
551 1099 835 1150 referendum,
871 1098 943 1137 ubi
961 1097 1011 1138 de
1034 1098 1126 1137 istis
1142 1097 1460 1140 Atheniensium
1479 1102 1658 1141 nummis

240 1167 303 1196 est
321 1167 472 1196 aetum.
503 1158 649 1209 lupum
669 1169 765 1196 vero
787 1155 1048 1195 sacerrimum
1067 1154 1198 1194 fuisse
1218 1154 1371 1196 animal
1395 1159 1533 1210 plures
1559 1166 1659 1197 sunt

240 1212 314 1266 qui
337 1220 562 1261 testentur,
590 1211 834 1250 Macrobius
859 1210 1023 1249 Saturn.
1053 1209 1147 1248 libr.
1173 1210 1207 1248 Ι.
1228 1208 1303 1248 ubi
1330 1211 1381 1252 de
1403 1210 1658 1268 Λυκοκτὸνῳ,

238 1269 454 1320 Apollonii
485 1267 619 1307 schol.
641 1265 692 1305 ad
716 1266 776 1309 ΙΙ.
790 1268 946 1318 Argon.
973 1265 1181 1316 Aristoph.
1213 1264 1444 1308 Comment.
1465 1267 1516 1306 ad
1536 1270 1661 1317 Aves,

240 1323 432 1374 Aeschyli
460 1321 511 1360 ad
539 1330 689 1373 septem
713 1330 859 1360 contra
888 1321 1060 1370 Thebas,
1091 1322 1296 1359 Aelianus
1315 1321 1366 1362 de
1385 1322 1564 1363 Animal.
1583 1323 1659 1363 lib.

241 1378 293 1419 X.
313 1388 354 1418 et
373 1377 472 1418 XII.
491 1379 759 1430 Etymologus
777 1377 819 1414 in
841 1374 971 1419 πόλισι
990 1372 1117 1425 λύκοι,
1132 1375 1288 1428 aliique
1310 1379 1462 1431 plures,
1482 1392 1662 1432 quorum

241 1433 288 1473 hi
309 1432 532 1486 Aegyptiis
550 1465 561 1482 ,
591 1432 653 1471 illi
671 1431 851 1485 Delphis
874 1433 919 1470 in
942 1431 1102 1471 honore
1122 1431 1284 1470 habitos
1305 1433 1432 1472 fuisse
1450 1436 1575 1486 lupos
1595 1448 1664 1475 re-

243 1491 398 1529 ferunt.
430 1487 502 1528 sed
528 1501 612 1541 quo
637 1487 897 1527 delabimur?
938 1488 1079 1532 Haec,
1109 1487 1294 1539 inquam,
1325 1488 1423 1527 talia
1447 1487 1498 1528 de
1518 1489 1664 1543 signa-

244 1555 336 1584 tura
357 1557 618 1582 nummorum
639 1543 850 1596 variisque
872 1543 1014 1597 figuris
1037 1541 1088 1581 ad
1116 1539 1360 1586 Pollueeam
1384 1543 1664 1585 recensionem

245 1608 418 1654 possent
436 1598 578 1644 adiici.
611 1598 682 1638 sed
703 1612 833 1651 pauca
857 1608 1019 1638 tantum
1043 1597 1223 1637 delibare
1244 1599 1552 1651 constitueram,
1576 1600 1666 1643 οὔτε

244 1654 338 1712 γὰρ,
366 1663 414 1693 ut
437 1668 529 1693 cum
554 1655 720 1692 Polluce
742 1668 832 1693 meo
857 1657 1038 1708 loquar‚‘
1067 1651 1165 1695 κατὰ
1189 1650 1262 1701 τήν
1291 1654 1388 1707 ἐμὴν
1414 1651 1608 1697 ὑπόθεσιν
1637 1653 1665 1710 ἦ

245 1707 620 1764 πολυπραγμοσύνη,
644 1710 880 1762 praecipue,
903 1710 938 1748 si
955 1710 1212 1763 singulorum
1235 1708 1436 1763 originem
1459 1721 1582 1764 atque
1604 1725 1668 1751 ra·

246 1767 382 1806 tiones
414 1764 612 1819 indagare
642 1774 683 1804 et
710 1779 918 1817 exponere
944 1765 1106 1803 animus
1124 1773 1240 1804 esset.
1296 1767 1352 1805 Et
1379 1765 1479 1805 haec
1499 1765 1666 1819 quidem

247 1834 460 1874 superasse
482 1820 723 1874 gaudemus,
752 1830 907 1860 restant
923 1830 1058 1861 tamen
1077 1833 1182 1876 quae
1201 1833 1338 1859 curam
1353 1830 1394 1860 et
1405 1819 1668 1876 diligentiam

247 1877 315 1916 his
336 1889 421 1915 non
441 1876 642 1915 minorem
662 1879 887 1927 postulant.

281 1987 307 2029 5
354 1928 566 1985 Ῥηγῖνοι]
596 1929 694 1972 MS.
710 1928 913 1987 Ῥηγινοί·
941 1945 1064 1986 supra
1086 1929 1137 1971 de
1158 1928 1302 1971 eodem
1324 1939 1429 1986 typo
1446 1932 1597 1972 Noster
1614 1932 1668 1983 V,
1687 1918 1690 1975 λ

309 2016 322 2029 .
378 1992 484 2026 Imm.

254 2003 277 2041 7
362 2040 532 2095 iareim]
574 2043 717 2081 Talem
745 2058 957 2082 nummum
983 2042 1154 2083 exhibet
1172 2043 1370 2095 Prosperi
1384 2044 1548 2082 Parisii
1569 2043 1671 2086 Tab.

255 2100 315 2139 Il.
335 2100 541 2136 rariorum
560 2111 734 2151 magnae
758 2099 956 2137 Graeciae
982 2102 1277 2138 numismatum
1301 2112 1341 2137 n.
1370 2097 1409 2139 4.
1438 2098 1546 2137 forte
1572 2097 1673 2137 inde

254 2153 442 2194 manavit
466 2152 753 2205 proverbium,
794 2167 876 2206 quo
903 2151 1119 2209 “Ῥηγι’νους
1147 2162 1355 2193 vocarunt
1384 2154 1456 2207 qui
1479 2151 1674 2192 timidio-

256 2224 320 2249 res
342 2217 471 2248 eraut.
500 2206 584 2248 vid.
611 2208 780 2261 Hesych.
803 2209 848 2247 in
865 2206 1063 2263 ιῬηγῖνος.
1121 2209 1200 2247 His
1229 2207 1333 2248 adde
1352 2206 1462 2263 quod
1481 2207 1523 2245 in
1549 2222 1674 2247 num-

256 2266 334 2304 mis
360 2263 684 2303 Troezeniorum
725 2265 914 2304 extiterit
940 2266 1097 2304 tridens
1135 2277 1187 2302 ex
1226 2266 1353 2303 altera
1392 2271 1433 2303 et
1464 2263 1675 2303 Mna-vae

258 2320 388 2359 facies
408 2333 461 2358 ex
484 2321 610 2358 altera
630 2328 758 2371 parte.
778 2321 962 2358 Pau-ean.
986 2320 1028 2358 in
1057 2318 1235 2358 Corinth.
1257 2318 1302 2355 in
1320 2318 1539 2358 stateribus
1562 2319 1675 2371 Cyzi-

259 2378 371 2414 cenis
397 2375 518 2429 virgo
540 2373 666 2416 stetit.
705 2375 885 2426 Hesych.
914 2374 956 2412 in
986 2375 1202 2427 Κυζικηνοὶ
1221 2378 1404 2427 στατῆρες
1425 2383 1500 2415 etc.
1541 2374 1676 2412 Samii

262 2432 483 2470 Iunoniam
512 2443 625 2468 avem
659 2430 836 2468 nummis
869 2430 1168 2483 praeferebant.
1211 2429 1452 2468 Athenaeus,-
1467 2429 1540 2471 lib.
1558 2429 1674 2470 XIV.

262 2499 353 2539 cap.
373 2498 441 2526 ⁴20.
467 2485 612 2524 confer
629 2483 738 2523 dicta
758 2485 809 2523 ad
834 2499 956 2537 supra
976 2499 1098 2539 segm.
1119 2485 1183 2536 75.
1239 2490 1386 2524 Kuznn.

376 2541 661 2593 Κεφαλλῆνες]
692 2541 783 2582 MS.
807 2545 1069 2593 Κεφαλληνεῖς
1089 2541 1128 2582 δὲ
1145 2541 1286 2582 ἵππον.
1345 2540 1402 2580 Et
1415 2540 1473 2579 ita
1490 2539 1676 2590 emenda,

265 2595 454 2651 quamvis
471 2605 514 2636 et
532 2597 743 2651 vulgatum
767 2605 936 2645 rectum,
967 2594 1077 2636 unde
1101 2598 1360 2649 Κεφαλλῆνας
1382 2594 1492 2650 apud
1514 2595 1676 2634 Strabo-
