1690 2996
218 183 323 222 1466
831 176 889 216 X.
948 181 1016 221 62.

216 305 291 342 qao
308 290 461 340 pisces,
492 288 655 337 vinum,
692 296 944 340 unguentum
974 291 1249 330 continentum
1277 303 1354 343 pro
1380 288 1479 333 ἔστω
1509 290 1558 333 C.
1589 291 1638 334 Α.

215 347 336 388 ἐστίν.
370 345 497 386 Salm.
518 342 657 398 ἐλεηρᾰ
673 344 891 397 legendum
912 344 1040 395 iubet,
1078 356 1119 384 et
1147 355 1266 399 putat
1295 345 1529 386 adhibitum
1560 360 1637 401 pro

214 397 394 453 ἐλαιηραὶ.
418 401 557 440 Vales.
574 409 619 439 et
640 396 730 440 MS.
753 401 967 438 Strauchii
989 401 1204 440 nobiscum
1227 411 1339 440 sttut.
1395 402 1565 443 lin-nnn.

327 456 556 507 *ἐλεκρατῖς
580 453 715 506 ἕσιω.]
745 456 835 496 MS.
856 453 1059 510 ἐλεκραὲτις
1077 458 1194 503 ἐστὶν,
1229 456 1255 506 ἢ
1283 466 1360 496 etc.
1418 457 1534 496 Istud
1566 471 1639 498 vo-

216 511 409 552 cabulum
447 510 590 551 nescio
630 509 841 564 quomodo
875 511 967 564 quis
1002 512 1300 551 reconcinnare
1328 512 1491 552 voluit?
1532 513 1638 552 mihi

217 576 328 607 certe
352 567 394 604 in
416 576 593 605 mentem
621 567 738 605 venit
765 562 953 618 ἐλαιηραὶ,
990 578 1114 621 quum
1143 584 1166 609 κ
1196 567 1239 605 iu
1272 567 1411 608 medio
1447 568 1640 608 similiter

216 637 263 661 ac
284 640 309 672 η
340 622 383 660 in
416 631 559 660 nostro
590 621 681 662 MS.
713 621 928 664 scribatur.
995 623 1052 661 Et
1079 619 1256 672 λήκυθος
1279 621 1445 676 ἐλαιηραὶ
1470 641 1551 672 τις,
1593 633 1641 663 ut

215 678 380 716 δεύει-ιε
402 686 542 716 noster
574 676 832 727 emendavit,
871 690 1038 731 prorsus
1071 677 1282 732 adprobo,
1320 693 1538 735 veramque
1571 682 1641 719 le-

218 734 398 775 ctionem
423 731 616 772 arbitron·e
675 734 796 771 Iunc.

325 788 567 840 *izenpafid
597 788 729 826 Facili
749 786 920 842 negotio
939 790 1078 827 locum
1100 788 1218 828 illum
1250 788 1295 827 iu
1333 787 1541 843 integrum
1571 803 1642 829 re-

217 843 446 891 stituimus,
491 844 649 897 quippe
686 842 760 894 qui
799 842 906 881 nuni
941 841 1176 885 dubitemus
1215 857 1307 883 cum
1345 845 1640 896 Inter-precibus

217 898 387 947 nostris,
421 898 525 951 quin
547 896 767 950 legendum
802 899 859 936 sit
887 898 1053 951 ἐλαιηραὶ
1082 916 1167 948 τις,
1205 897 1319 937 haud
1351 899 1430 938 alia
1461 901 1638 950 ratione,

218 969 340 1008 quam
362 967 441 1006 qua
463 954 618 1006 legitur
636 953 709 1002 VI,
744 951 831 992 105.
855 953 972 1004 ἦμέν
996 970 1055 996 τοι
1073 951 1239 1007 glanno«)
1253 955 1430 1007 ἐπίχυσις
1459 965 1537 994 etc.
1564 956 1638 994 ubi

216 1010 427 1053 Kuehnius
446 1007 572 1048 etiam
594 1007 884 1062 corrigendum
906 1009 1018 1049 hunc
1045 1012 1181 1049 locum
1212 1008 1442 1051 admonuit.
1481 1010 1640 1062 ipsissi-

216 1066 295 1105 mis
325 1064 410 1102 illis
446 1063 581 1102 literis
621 1063 728 1102 hanc
759 1063 983 1103 lectionem
1016 1063 1236 1104 adnotavit
1255 1063 1309 1102 -in'
1336 1079 1407 1104 ora
1442 1065 1541 1104 libri
1575 1066 1641 1104 sui

216 1119 579 1171 Falckenburgias‚
609 1130 692 1159 seu·
712 1118 824 1172 quod
855 1120 914 1158 ita
944 1119 1165 1174 legendum
1194 1119 1386 1170 duxerit,
1427 1134 1499 1160 seu
1529 1121 1640 1174 quod

216 1178 276 1216 ita
301 1176 498 1228 repererit
518 1175 562 1212 in
587 1175 678 1215 MS.
702 1174 872 1214 Codice.
931 1176 1101 1215 Veteres
1122 1186 1259 1215 autem
1285 1177 1475 1230 plerique
1494 1177 1640 1214 Gram-

217 1234 362 1272 matici
381 1233 475 1269 oleo
501 1229 755 1270 adservando
785 1229 1036 1269 destinatum
1070 1231 1150 1270 hoc
1174 1232 1330 1270 vasculi
1355 1245 1486 1286 genus
1513 1231 1642 1271 fuisse

218 1288 385 1335 docent,
419 1299 537 1338 quam
565 1285 616 1323 ob
640 1299 802 1325 causam
822 1283 1045 1338 ἕλαιοδόχον
1063 1285 1217 1340 ἄγγεῖον
1238 1287 1426 1340 exponit·
1443 1287 1642 1339 antiquus

216 1346 387 1383 Homeri
413 1340 771 1379 Commentatorad
796 1341 940 1392 Odyss.
961 1341 1054 1382 VII.
1106 1342 1293 1381 vitreum
1312 1342 1419 1389 fuit3
1449 1342 1510 1381 sic
1529 1342 1639 1380 enim

216 1398 467 1449 Hesychius:
509 1393 729 1446 Λήκυθος.
772 1394 1010 1449 μυροθήκη,
1055 1400 1121 1438 καὶ
1149 1391 1289 1449 βῆσιον
1312 1395 1496 1440 ύάλινον·
1527 1397 1639 1450 quod

217 1457 322 1494 male
340 1451 586 1493 sollicitant.
615 1452 814 1490 auriculis
836 1462 989 1502 eutem,
1021 1453 1174 1504 quibus
1198 1451 1641 1505 potuerit-apprehen-

218 1509 276 1558 di,
306 1507 453 1547 caruit.
485 1507 622 1559 ipsum
645 1521 740 1546 vero
764 1510 977 1546 vasculum
999 1507 1203 1546 tumidum
1223 1518 1264 1547 et
1285 1517 1553 1547 ventruosum
1571 1506 1639 1547 de·

216 1563 379 1604 sinebat
398 1563 442 1600 in
462 1562 676 1616 angustias
695 1562 809 1608 colli,
853 1563 979 1601 sicuti
1007 1560 1230 1615 βομβύλια·
1274 1577 1354 1615 qua
1385 1572 1560 1616 utraque
1589 1562 1640 1602 de

217 1634 262 1659 re
282 1618 497 1658 certiorem
517 1631 581 1656 me
600 1618 790 1656 fecerunt
814 1618 858 1655 iu
885 1618 1185 1671 Aristophanis
1216 1619 1502 1657 Acharnenseae
1515 1619 1641 1656 Scho-

218 1677 301 1714 liaz
331 1683 372 1712 et
398 1682 568 1726 propter
589 1673 714 1710 istum
738 1672 828 1712 eius
857 1674 1014 1712 vasculi
1042 1683 1244 1712 tumorem
1276 1673 1527 1713 facetissime
1561 1673 1641 1711 Co·

216 1734 345 1770 micus
365 1728 489 1767 finxit
511 1742 652 1767 vocem
665 1725 968 1779 κομπολοῖκυθος
988 1728 1038 1768 de
1058 1729 1226 1769 homine
1238 1728 1383 1768 inflato
1395 1729 1642 1782 spirituum·

249 1800 300 1825 ue
323 1787 462 1837 pleno.
502 1778 682 1832 λῆκυθον
710 1787 919 1836 appellare
955 1784 1144 1823 solebant
1176 1785 1376 1837 Byzantii
1413 1794 1465 1824 el:>
1488 1784 1641 1836 Cyprii

215 1847 356 1890 ολπην,
388 1848 492 1878 teste
519 1839 726 1876 Clitarcko
757 1839 868 1891 apud
889 1840 1041 1880 Athen.
1061 1839 1130 1880 lib.
1148 1839 1221 1881 XI.
1255 1839 1328 1878 ubi
1369 1842 1419 1879 de
1448 1842 1641 1886 πελίκαις,

217 1910 337 1951 quem
369 1894 427 1932 ibi
454 1894 599 1933 divine
627 1894 815 1933 restituit
846 1895 1225 1948 praestantissimus
1263 1894 1540 1935 casaubonm.
1580 1895 1640 1933 sic

216 1952 342 1992 etiam
369 1949 668 1987 commentator
694 1949 891 2004 antiquus
916 1950 967 1989 ad
1009 1950 1210 1990 Theocriti
1236 1948 1330 1989 Eid.
1361 1950 1418 1992 Π.
1446 1950 1638 1989 notavit:

218 2009 298 2050 Καὶ
316 2002 416 2057 παρ’
437 2002 533 2057 ἦμῖν
550 2007 681 2047 ἐτίθει
694 2003 767 2045 ῑοῖν
785 2009 951 2060 Δωρίδα
972 2004 1160 2055 πολλάκις
1176 2006 1304 2048 ὄλπαν
1317 2019 1328 2031 ·
1357 2004 1430 2044 nbi
1451 2004 1639 2044 ostendit

215 2062 340 2103 etiam
357 2061 484 2109 ὄλπην
504 2059 672 2112 proprie
690 2058 775 2098 dici
796 2059 869 2108 τήν
889 2064 1128 2113 δερματίνην
1155 2060 1344 2111 λήκυθον,
1383 2058 1445 2102 δι’
1470 2058 1518 2110 ἧς
1533 2062 1641 2102 ἐστΐν

215 2114 476 2167 ὀπτήσασθαι
491 2113 535 2155 τό
552 2114 702 2156 ἔλαιον·
735 2116 847 2167 quod
870 2115 920 2155 de
948 2116 1115 2169 origine
1153 2117 1269 2157 vocis
1298 2116 1408 2155 sicut
1435 2115 1637 2168 ineptum,

217 2174 278 2212 sic
299 2175 473 2210 alterum
494 2184 516 2209 e
543 2170 659 2208 corio
690 2169 1029 2222 frequentissime
1055 2171 1191 2211 saltim
1219 2170 1289 2222 τήν
1317 2167 1640 2220 ‹ilum-consti·-

216 2229 316 2267 tisse
337 2241 477 2267 verum
499 2235 577 2275 est,
615 2233 663 2262 ut
695 2224 805 2275 apud
838 2227 1049 2265 Romanos
1071 2227 1254 2277 Scor-tea,
1286 2227 1389 2267 [sid.-
1417 2226 1532 2276 Orig.
1559 2225 1636 2264 lib.

215 2284 367 2324 xxc.
393 2296 431 2334 7.
488 2281 564 2320 Est
583 2289 624 2318 et
651 2279 694 2317 in
716 2279 1000 2319 Rabbinorum
1037 2282 1204 2333 scriptis
1229 2280 1520 2334 Chaldaeaque
1548 2281 1638 2319 lin-

215 2352 297 2393 gua
320 2335 567 2376 vocabulum
588 2332 747 2383 own-hx,
785 2334 898 2374 unde
927 2349 1136 2385 nonnemo
1163 2335 1436 2374 derivandum
1466 2335 1639 2386 putabat

215 2407 367 2433 nomen
387 2387 584 2441 λήκυθος·
618 2405 700 2428 non
717 2403 886 2442 prorsus
907 2389 1118 2442 adprobo;
1152 2390 1318 2430 videtur
1337 2389 1446 2429 enim
1460 2392 1531 2429 illa
1553 2405 1637 2430 vox

215 2448 385 2500 proprie
404 2447 584 2485 tabulam
606 2445 787 2498 aliquam
808 2459 880 2484 seu
901 2446 1082 2496 patinam
1116 2448 1279 2498 planam
1310 2445 1549 2500 designare,
1590 2456 1639 2486 ut

215 2503 260 2541 in
288 2502 534 2554 Aethiopica
562 2499 728 2554 lingua,
769 2499 880 2539 unde
911 2501 1140 2551 emanavit,
1179 2501 1369 2553 usurpari
1401 2502 1636 2542 consuevit.

213 2558 386 2610 ponitur
406 2557 546 2609 itaque
564 2570 639 2609 pro
661 2556 815 2595 Graeca
844 2569 946 2594 voce
970 2558 1091 2605 πίναξ
1118 2555 1167 2594 ab
1202 2558 1423 2607 Interprete
1439 2557 1638 2607 Aethiope

214 2613 369 2654 Matth.
387 2613 502 2653 XIV.
522 2626 561 2652 v.
580 2615 620 2659 8.
639 2621 682 2651 et
701 2612 807 2652 Luc.
829 2611 905 2653 XI.
935 2625 973 2653 v.
1005 2610 1074 2652 54.
1104 2610 1276 2651 diffiteri
1302 2621 1437 2652 tamen
1469 2625 1632 2664 nequeo

1687 2674 1690 2750 l
