1656 2976
150 125 254 164 1736
765 120 816 162 X.
862 123 971 165 1142-

147 240 313 284 rantur‚
344 230 494 271 retium
520 230 684 271 scilicet
714 245 869 285 genus,
899 230 1012 286 quod
1036 230 1282 273 extenditur
1302 241 1346 274 et
1371 241 1564 290 tauquam

149 286 317 325 eiicitur
339 286 391 325 ad
413 286 634 339 capiendas
664 288 798 340 feras3
829 288 1071 328 illam'enim
1089 287 1311 330 lectionem
1331 302 1419 330 nou
1437 289 1566 331 colli-

147 341 353 381 citandam
375 341 586 383 existimo.

255 395 502 454 ἆρπεδὸναι]
531 396 579 439 C.
598 397 646 441 A.
656 395 890 455 ἆρπηδόναι.
943 405 1086 440 Kimm-

257 506 311 559 ὥς
332 513 407 551 Πλ.
426 510 467 552 ἐν
478 505 590 551 ‘Eat
609 509 719 564 etc.]
748 510 795 551 C.
814 511 870 552 A.
891 508 945 560 aig
959 514 1013 551 11.
1033 511 1078 553 ἐν
1090 504 1156 555 ‘Ex
1186 510 1303 552 abeat
1322 526 1345 551 a
1358 510 1409 556 C.
1421 510 1472 551 A.
1491 511 1565 565 qui

148 574 191 605 et
214 564 258 604 in
283 564 417 605 verbis
436 564 623 605 Platonis
640 567 747 622 legit
767 580 844 620 σφε
862 575 942 608 etc.
973 576 1015 608 et
1031 564 1243 610 ἆνελκῦσω.
1285 569 1411 607 Salm.
1423 569 1503 623 leg.
1521 575 1564 607 ct

146 619 357 664 ἆνελκύσω.
412 627 552 661 Kvm.

261 675 315 726 ὥς
336 681 411 719 Πλ.
435 673 597 719 ἐνἘλλ.
618 682 722 727 etc.]
751 677 801 717 Iu
823 677 1018 718 Plutonia
1039 677 1176 718 verbis
1194 677 1415 733 legendum
1434 686 1565 732 puto:

146 733 281 787 βούλει
294 732 366 786 τὴν
381 734 423 776 δέ
442 746 504 775 σοι
522 731 689 786 πλεκτὴν
708 738 824 775 καθαῖ
835 763 847 780 .
875 729 1027 776 κᾶπειτ’
1052 730 1252 776 ἆνελκῦσω
1275 749 1317 777 σε
1335 737 1449 790 δεῦρο
1462 746 1474 758 ’
1503 733 1566 772 vi·

149 789 301 828 dentur
317 789 426 827 enim
442 788 522 828 hoc
544 789 702 828 dicere:
733 790 816 827 vin'
834 789 911 828 tibi
921 789 1071 840 sunem
1084 790 1306 840 demittam,
1337 798 1425 830 tum
1442 789 1568 829 tehuc

146 859 309 883 sursum
329 845 508 886 traham.
538 844 719 896 Hesych.
732 843 898 898 Πλεκτή,
927 843 1050 898 σειρᾶ,
1077 841 1106 897 ’ἦ
1122 845 1160 895 ἐξ
1171 842 1362 897 ἱμάντων·
1389 843 1460 886 aed
1479 858 1566 884 uon

149 899 379 954 distinguo.
398 900 568 953 respicit
587 900 698 940 enim
718 899 769 938 ad
791 899 927 955 σειρὴν
949 899 1116 954 πλεκτὴν
1132 903 1315 941 Homeri.
1369 907 1479 942 Iunc.

259 957 407 1007 δέραια,
432 972 474 997 π.
493 952 734 1009 τελαμώνια]
763 957 854 996 MS.
875 959 1081 1009 τελμονίαι.
1122 955 1248 1010 Apud
1267 957 1567 1008 Xenophontem

149 1009 201 1051 de
217 1012 368 1052 Venat.
397 1012 471 1053 fol.
492 1010 584 1066 983.
609 1009 832 1066 στελμόνιαι
847 1011 925 1063 bis,
955 1011 1138 1066 ascripto
1155 1011 1376 1069 utrobique
1395 1013 1441 1052 in
1464 1027 1568 1053 mar-

149 1067 248 1121 gine
267 1069 501 1121 τελαμονίαι.
558 1073 640 1106 SEB.

259 1124 406 1177 δέραια,
435 1139 477 1164 π.
499 1122 747 1178 τελαμῶνια]
778 1121 823 1165 C.
842 1123 893 1166 A.
914 1123 1023 1180 δέραι
1040 1124 1246 1178 τελμονίαι.
1287 1121 1418 1167 Salm.
1431 1123 1569 1168 Cast-

147 1182 278 1231 μονία.
333 1186 478 1219 Kum.

259 1236 407 1288 δέραια,
437 1232 735 1290 π.ξτελαμῶνια]
766 1233 880 1289 Quid
892 1234 1137 1290 nepldepfm?
1165 1233 1427 1275 scribendum
1439 1235 1568 1275 omni-

149 1305 206 1332 no
220 1307 234 1333 ε
264 1293 412 1345 δέραια,
441 1292 685 1345 περιδέραια·
715 1292 823 1329 milla·
839 1305 984 1330 canum
1007 1305 1130 1343 supra
1152 1290 1202 1339 V,
1220 1289 1288 1330 55.
1304 1300 1382 1333 etc.
1410 1291 1453 1329 iu
1472 1290 1568 1334 κόσ-

151 1365 212 1404 μῳ
232 1351 363 1389 κυνῶν
386 1348 520 1400 δέραια
539 1360 707 1401 quoque
728 1355 770 1385 et
791 1347 1040 1398 περιδέραιον
1070 1344 1267 1385 habuisti.
1325 1345 1444 1401 Quae
1468 1361 1568 1387 vero

150 1401 376 1457 τελαμώνια,
405 1404 559 1442 rectius
575 1403 810 1455 τελαμωνία,
842 1403 909 1441 vel
933 1402 1077 1454 potius
1097 1414 1147 1439 eo
1169 1413 1340 1441 numero
1358 1415 1443 1455 quo
1461 1412 1568 1442 cete·

149 1473 218 1510 ra,
249 1462 494 1512 τελαμωνίαι;
530 1467 579 1496 ut
608 1472 728 1510 supra
760 1457 858 1504 VII,
877 1457 941 1498 55.
966 1457 1010 1494 in
1031 1455 1171 1496 eadem
1196 1469 1253 1494 re.
1285 1469 1392 1510 quae
1412 1457 1567 1497 ibidem

151 1515 291 1554 omnia
316 1515 357 1553 in
377 1514 471 1554 MS.
493 1513 653 1555 desunt,
682 1512 752 1551 hic
769 1526 886 1551 suum
904 1514 1096 1563 τελμονῖαι
1111 1510 1305 1552 habuisse
1317 1512 1569 1553 seber-anno-

148 1580 235 1611 ster
254 1570 495 1617 adnotavit,
524 1582 630 1624 quae
647 1568 822 1621 propius
838 1566 1040 1607 accedunt
1062 1565 1113 1606 ad
1137 1567 1448 1619 Xenophontem
1467 1573 1567 1611 στελ·

148 1627 305 1682 μονίας.
331 1626 507 1678 Hesyclz.
529 1621 758 1676 Στελμόνια,
787 1621 947 1674 ζώματα.
1005 1628 1106 1662 Iunc.

261 1683 414 1734 δέραια,
443 1680 678 1735 περίδερμα]
708 1681 952 1732 περιδέραια,
980 1688 1028 1718 ut
1047 1675 1224 1732 perbene
1242 1677 1569 1731 lunga-mannua

147 1737 352 1788 restituit,
384 1737 428 1775 in
447 1746 607 1776 textum
627 1734 790 1779 reduxi,
829 1735 945 1774 vocis
966 1732 1179 1788 sequentis
1201 1735 1408 1788 vulgatam
1427 1735 1568 1775 lectio.

148 1809 245 1834 nem
266 1807 317 1831 an
340 1793 571 1831 consultius
595 1800 703 1831 esset
719 1791 897 1830 retinere
914 1804 1072 1830 mecum
1084 1787 1324 1840 deliberavi,
1353 1803 1567 1830 annevero

151 1847 326 1890 Codicis
345 1850 593 1900 Augustani
610 1847 854 1898 scripturam
878 1846 1110 1891 restituere,
1137 1857 1214 1897 pro
1235 1857 1315 1898 qua
1333 1853 1442 1884 certe
1460 1845 1567 1884 mili·

149 1914 244 1945 tant
269 1905 552 1955 Xenophontis
582 1902 790 1942 editiones
826 1911 869 1941 et
897 1901 1139 1954 Hesychius.
1176 1897 1292 1951 ipsos
1319 1897 1367 1938 in
1391 1913 1439 1939 ea
1460 1913 1569 1942 voce

149 1970 309 2001 veteres
331 1959 557 1998 haesitasse
578 1959 679 1997 mira
692 1955 901 1996 scribendi
922 1953 1265 2007 varietasprodit.
1294 1968 1358 1994 me
1368 1963 1504 1995 tamen
1515 1969 1566 1996 eo

150 2015 354 2055 inclinare
371 2028 457 2054 non
475 2012 671 2059 diffiteor,
699 2022 748 2051 ut
766 2010 978 2065 τελαμώνια
997 2008 1264 2064 praeferenda
1286 2008 1481 2060 iudicem,
1498 2025 1566 2050 cu—

150 2072 217 2111 iun
241 2080 350 2111 certe
371 2069 564 2110 vocabuli
578 2068 790 2122 aptissima
809 2067 958 2107 deduci
974 2075 1114 2119 potest
1130 2065 1247 2120 origo
1266 2077 1319 2104 ex
1333 2064 1520 2118 τελαμών.

261 2126 395 2177 ξύλαι,
425 2123 513 2180 ἄρν.
535 2125 644 2177 etc.]
677 2125 742 2161 An
763 2122 934 2177 ξυήλαιὲ>
961 2122 1138 2174 Hesych.
1169 2118 1324 2174 Ξυήλη,
1352 2122 1526 2174 ξιφίδιον
1543 2119 1567 2165 ὅ

148 2200 248 2232 τινες
266 2184 460 2235 δρέπανον
480 2183 658 2236 λέγουσιν
673 2193 683 2204 ·
713 2179 799 2219 vid.
827 2189 868 2217 et
887 2192 1013 2232 segm.
1038 2176 1128 2218 144.
1184 2182 1265 2216 sm.

261 2238 383 2289 ξύλαι,
415 2236 502 2291 ἆρν.
522 2237 631 2288 etc]
664 2236 793 2273 Salm.
813 2235 859 2276 C.
878 2233 1019 2283 ξύλλαι.
1076 2239 1219 2272 xum.

258 2294 382 2345 ξύλαι,
413 2290 502 2347 ἄρν.
522 2292 626 2344 etc.]
659 2291 763 2331 Cum
781 2289 846 2329 his
861 2289 1014 2340 verbis,
1042 2286 1165 2338 ξύλαι,
1196 2285 1331 2341 ἆρναιι.
1348 2281 1452 2340 ἧλοι,
1467 2287 1562 2328 MS.

151 2360 294 2391 noster
310 2351 461 2389 iterum
483 2362 634 2388 novam
653 2347 843 2400 paginam
866 2345 1041 2397 incipit,
1068 2354 1191 2398 atque
1206 2343 1355 2398 pergit.
1396 2342 1468 2382 aed
1487 2357 1564 2396 pro

151 2404 274 2456 ξύλαι,
303 2420 396 2445 cum
420 2405 561 2443 Sebero
586 2402 715 2457 magis
740 2405 876 2455 placet
900 2399 1037 2453 ξυήλαι
1061 2403 1210 2454 legere.
1255 2397 1326 2438 aed
1344 2397 1439 2437 illae
1463 2401 1565 2438 mox

149 2464 347 2514 leguntur
367 2461 477 2499 inter
494 2459 712 2511 militaria,
750 2471 874 2512 segm.
903 2458 992 2497 144.
1023 2469 1120 2495 sane
1145 2463 1187 2493 et
1205 2455 1374 2507 δρέπανα
1397 2453 1566 2507 ibidem,

152 2530 258 2569 quae
292 2526 429 2556 tamen
459 2516 529 2554 hic
553 2528 720 2570 quoque
741 2514 782 2551 in
811 2511 1029 2552 venatorio
1052 2511 1340 2557 instrumento,
1363 2519 1410 2547 ut
1425 2518 1466 2548 et
1484 2510 1564 2548 alia

150 2570 361 2626 quaedam.
421 2573 478 2610 Et
494 2572 581 2612 fere
605 2570 714 2610 idem
734 2572 918 2620 valeant,
944 2577 990 2608 ut
1010 2580 1060 2607 ex
1079 2565 1273 2618 Hesychia·
1289 2564 1424 2606 verbis
1435 2574 1565 2618 patet,
