1716 3016
112 162 193 202 902
730 159 806 205 IX.
873 164 928 202 27

77 286 82 289 ’
113 267 229 320 πόλις
255 271 466 311 notaverit
495 268 753 326 κατάχρησιν,
801 280 875 310 aut
901 285 993 310 cum
1027 286 1049 310 a
1085 271 1231 311 Poetis
1263 271 1440 311 sumitur
1466 285 1543 325 pro

114 327 225 374 vico,
258 336 329 366 aut
346 341 437 366 cum
461 341 536 380 pro
559 327 709 365 insula.
741 326 840 367 haec
862 327 1004 382 itaque
1025 327 1061 365 si
1085 328 1389 377 intersim-ueris,
1419 330 1543 380 plana

94 391 96 394 ’
115 383 276 422 fuerint
296 383 432 421 omnia
455 397 502 421 ac
526 383 748 436 expedita.-
778 392 820 422 et
843 397 940 422 vero
959 384 1045 436 ipsa
1066 383 1150 422 loci
1164 385 1327 451 sequela
1346 385 1428 423 tale
1446 396 1542 436 sup·

72 470 74 472 .
118 441 373 501 plementum
400 451 569 490 poscere
599 437 681 477 sibi
705 438 887 487 videtur,
918 438 1124 492 siquidem
1151 441 1229 487 τοῖς
1255 455 1333 493 γαρ
1362 440 1544 489 ποιηταῖς

114 494 333 547 perspicue
371 493 715 546 praecedentibus
749 493 804 533 sit
843 495 1196 544 connectendum,
1236 504 1278 534 et
1306 495 1542 548 sequentia,

113 549 212 597 uisi,
239 563 322 603 quo
342 549 427 588 feci
443 549 585 599 modo,
615 550 890 603 suppleveris,
922 549 1031 589 nihil
1054 549 1209 590 habent
1235 549 1287 589 ad
1303 549 1416 604 quod
1444 563 1542 599 per-

114 605 249 644 tinere
268 605 446 658 possint.
477 605 621 644 Torsit
639 619 806 660 quoque
825 604 897 644 hic
913 608 1044 654 locus,
1072 620 1119 645 ac
1137 606 1366 645 sollicitum
1391 604 1541 646 habuit

112 660 464 712 πολυμαθέστατον
495 663 552 702 Is.
584 662 629 700 V
625 676 780 700 ossium
814 661 866 700 ad
897 662 1080 713 Scylacis
1106 663 1262 714 Peripl.
1290 675 1334 715 p.
1361 675 1426 716 9²·
1458 660 1545 701 Sed

114 730 277 768 nequeo,
309 716 444 769 ipsius
472 726 572 755 sunt
592 717 730 767 verba,
762 731 881 771 quae,
912 732 1003 756 cum
1029 718 1211 757 Pollucis
1239 718 1452 771 posuisset
1479 719 1540 756 lo-

115 786 224 818 cum,
257 771 444 824 subiicit,
474 776 581 812 satis
602 776 763 824 mirari,
795 774 916 825 quod,
948 788 1039 816 cum
1067 774 1221 813 Pollux
1248 773 1323 812 hoc,-
1353 774 1440 820 loco
1471 775 1541 811 in-

115 830 235 879 quiat
253 825 387 879 κώμας
405 842 433 866 α
452 830 594 867 Poe'tis
614 829 856 880 quibusdam
878 829 992 867 urbes
1020 831 1175 879 vocari,
1203 831 1349 868 statim
1365 831 1412 868 in
1427 829 1539 868 testi·

115 885 294 921 monium
317 886 436 922 istius
469 886 529 922 rei
555 885 703 923 subdat
730 885 801 922 hos
830 884 1053 937 Euripidis
1069 900 1205 924 versus
1225 893 1303 924 etc.
1362 885 1424 924 At
1448 886 1539 936 quis

116 953 298 990 unquam
320 939 531 986 Euboeam
564 948 601 977 et
623 941 939 990 Peloponnesum
968 938 1102 991 κώμην
1121 940 1258 979 dixit?
1289 948 1395 978 certe
1412 953 1538 979 nemo.

114 994 230 1033 Alias
246 994 359 1034 dicto
378 998 476 1035 loco
490 995 555 1034 vir
572 995 877 1034 eruditissimus
896 994 1053 1034 affatim
1077 994 1198 1034 docet
1214 994 1264 1034 de
1276 1008 1356 1033 usu
1375 993 1541 1043 πόλεως,

115 1064 207 1088 cum
227 1064 303 1103 pro
324 1059 414 1088 tota
442 1051 700 1104 intelligitur
728 1051 887 1098 insula,
921 1060 963 1090 et
990 1049 1137 1089 addam
1167 1051 1358 1103 Soylaeis
1383 1053 1539 1098 locum,

116 1103 167 1143 ad
197 1119 318 1158 quem
338 1105 419 1144 ista
443 1115 758 1156 commentatur,
785 1115 933 1159 utpote
954 1106 1026 1159 qui
1047 1105 1099 1145 ad
1122 1115 1308 1153 nostrum
1327 1106 1542 1145 Bacchum

115 1160 267 1201 faciat.
295 1156 437 1211 Ῥόδος
456 1161 558 1204 nato?
581 1166 693 1204 τοῦτο
712 1159 828 1211 νῆσος
848 1164 1039 1216 τρίπολις,
1068 1158 1221 1216 αρχαία
1241 1159 1368 1209 πόλις
1398 1161 1539 1201 viden’

114 1215 313 1255 Rhodum
338 1217 516 1256 insulam
538 1217 671 1256 dici'
644 1236 693 1270 αρ
670 1221 815 1272 ρχαίαν
839 1217 975 1269 πόλιν,
1005 1228 1132 1271 prout
1156 1217 1206 1256 ab
1227 1217 1431 1269 Euripide
1450 1218 1539 1255 Eu-

115 1272 216 1311 hoca
248 1282 290 1311 et
309 1273 610 1324 Peloponnesus
641 1272 840 1312 dicuntur
865 1271 1031 1322 πόλεις.9
1063 1283 1106 1312 et
1134 1273 1219 1312 alio
1249 1286 1416 1326 quoque
1437 1275 1537 1312 loco

115 1326 224 1367 idem
255 1328 404 1381 Scylax
432 1329 620 1367 Pharum
644 1339 685 1368 et
712 1331 846 1368 Issam
874 1330 1029 1368 insulas
1058 1325 1195 1379 πόλεις
1213 1328 1443 1378 Ἑλληνίδας
1469 1342 1539 1381 ap-

114 1385 258 1435 pellat.
317 1384 396 1422 Est
413 1393 455 1423 et
472 1385 606 1424 rarior
622 1384 880 1438 significatio
903 1385 1019 1424 vocis
1039 1384 1169 1434 ἔθνος,
1194 1399 1286 1423 cum
1305 1387 1540 1434 provincia-

115 1439 171 1476 les
189 1439 322 1478 eodem
341 1442 429 1477 iure
448 1448 601 1479 utentes
621 1439 838 1494 designat.
864 1441 921 1479 ita
943 1441 1125 1479 occurrit
1148 1441 1192 1479 in
1212 1440 1385 1480 Foedere
1403 1440 1540 1494 Smyr·

116 1498 246 1542 Densi,
280 1503 322 1534 et
340 1493 439 1534 vide
462 1495 513 1534 ad
537 1510 630 1535 eum
653 1499 793 1536 locum
813 1495 1040 1536 Eruditiss.
1073 1495 1299 1536 Seldenum.

226 1578 280 1610 ως
295 1561 420 1615 παρ’]
454 1563 518 1602 Au
546 1562 767 1618 legendum
789 1564 1035 1619 npooeuts'w
1067 1564 1206 1620 ω’σπερ
1226 1563 1376 1620 Εὖριπ
1407 1565 1540 1606 Iuno.

222 1628 397 1682 Ἰξίωνι]
444 1629 609 1670 Citatut
642 1629 724 1670 hoc
756 1629 894 1669 drama
924 1640 966 1670 et
991 1645 1014 1669 a
1042 1631 1224 1672 Stobaeo.
1269 1631 1404 1672 scribe
1441 1646 1540 1673 vero

114 1686 266 1739 Ἰξίονι.
321 1685 452 1727 que.

225 1751 394 1805 Ἰξίωνι]
423 1751 737 1792 Emendendum
767 1751 924 1804 Ιξιῃονι
956 1762 1081 1806 atque
1102 1753 1162 1792 ita
1185 1752 1287 1793 haec
1305 1752 1539 1808 Tragoedia

117 1825 141 1851 a
173 1809 393 1862 Diogene
382 1822 427 1846 m
456 1810 690 1876 Protagora
718 1808 811 1848 libr.
841 1808 917 1848 IX.
948 1823 1074 1875 segm.
1100 1809 1165 1851 55.
1198 1807 1441 1852 adducitur.
1472 1811 1541 1853 καὶ

114 1866 232 1909 τοῦτο
255 1867 507 1907 αἰνίττεσθαι
521 1863 591 1907 τόν
608 1860 878 1921 Εὔριπίδην’
856 1883 899 1908 εν
917 1883 971 1919 τῳ
991 1863 1141 1914 Ἰξίονι.

226 1932 392 2030 Εἴβοια
420 1941 497 1972 etc.
509 1932 524 1984 ]
595 1932 663 1970 An
683 1931 836 1971 rectius
866 1930 919 1970 ad
945 1946 1106 1971 versum
1132 1931 1380 1987 scribamus,
1405 1929 1543 1989 Ευβοῖ

114 1986 210 2034 Ἀθ.
292 2001 379 2029 unc

233 2055 480 2110 Τιμενῖδαις]
514 2055 619 2109 Leg.
656 2055 910 2107 Τημενίδαις.
942 2064 983 2094 et
1006 2063 1093 2093 tum
1113 2050 1289 2108 ευτυχεῖ,
1321 2055 1436 2109 quod
1466 2055 1541 2097 fir*

117 2121 203 2151 mat
230 2121 273 2152 et
298 2112 477 2150 Salmas.
503 2109 555 2151 de
582 2100 905 2151 Temenidarum
935 2108 1175 2163 parricidiis
1203 2113 1395 2152 Pausan.
1428 2112 1540 2154 vide.

117 2168 298 2208 Romu«.

230 2222 486 2275 Τιμενίδαις]
529 2221 593 2262 An
628 2220 895 2273 Tnpem‘doccg?
930 2229 1013 2259 tres
1050 2221 1198 2261 fratres
1239 2222 1415 2262 Temeni
1443 2221 1538 2271 filii,

121 2281 338 2332 Τημενίδαι
365 2277 496 2324 dicti,
527 2276 578 2316 de
610 2278 759 2332 quibus
789 2276 1024 2316 Herodotus
1045 2285 1188 2316 noster
1208 2277 1251 2315 in
1275 2279 1433 2317 Urania
1451 2292 1540 2331 cap.

121 2336 219 2386 157,
254 2333 341 2375 158.
396 2335 504 2373 Sane
541 2332 652 2387 apud
691 2333 908 2373 stobaeum
936 2332 1156 2384 Sermone,
1193 2333 1266 2386 qui
1294 2333 1545 2387 uaprqyopma?

118 2389 322 2441 continet,
353 2391 572 2442 Euripides
599 2391 813 2443 Τημενίσιν
835 2389 999 2439 citatur,
1025 2387 1161 2427 adhuc
1181 2389 1264 2428 alio
1287 2389 1424 2435 modo-
1473 2390 1542 2428 In·

118 2446 287 2500 quirent
307 2447 447 2499 itaque
469 2459 592 2498 porro
629 2445 715 2486 viri
747 2444 888 2495 docti,
917 2454 965 2482 ut
986 2453 1028 2482 et
1051 2443 1101 2483 de
1122 2458 1244 2483 versu
1267 2458 1342 2483 uos
1365 2446 1541 2496 Euripi·

117 2501 216 2540 dis·
204 2514 296 2554 ipso
317 2500 552 2548 docebunt,
582 2501 656 2557 qui
673 2500 814 2541 nescio
835 2477 888 2538 ari
917 2500 1017 2538 satis
1046 2496 1259 2539 emendate
1275 2502 1403 2554 vulgo
1425 2503 1541 2554 lega-

116 2566 197 2597 tur.
255 2557 418 2596 Priores
435 2567 570 2596 autem
593 2557 802 2597 editiones
821 2554 980 2609 εὐτυχεῖ
995 2555 1172 2605 habent,
1201 2569 1286 2596 uon
1307 2557 1470 2610 ἕηυχιῖ,
1493 2566 1539 2597 ut

117 2621 279 2654 nostras
301 2623 647 2666 operas-mutasse
667 2612 803 2654 credo.
858 2612 989 2658 Iunc.
