1690 2996
147 41 253 87 1600
765 41 819 82 X.
878 45 943 85 98.

314 149 364 193 toi
390 149 434 196 δὲ
461 149 611 205 ‘evirare
637 149 769 202 ζέοντά
798 169 863 195 σοι
887 150 1107 206 μολύνεται.

315 210 552 260 sartagines
579 209 677 247 illae
696 207 908 260 ferventes
935 212 1209 262 inquinantur
1241 210 1329 249 tibi.

153 259 202 302 C·
231 260 281 304 A.
308 261 413 302 haec
450 263 598 305 verba:
635 266 1064 315 καὶ·ἕν,’1ἠλεκλείδου
1091 275 1169 309 etc.
1208 280 1341 319 usque
1370 265 1421 305 ad
1452 282 1575 321 raya-

153 320 287 372 νισμοῖ
306 332 392 358 non
409 317 546 359 habet.
603 320 780 362 Kumm.

269 376 520 424 Τηλεκλείδου
547 375 752 430 mandeba]
815 376 908 417 MS.
935 385 1099 419 noster:
1141 379 1397 428 Τηλεκλείδου
1429 373 1577 432 Ἀψευ-

153 427 258 471 δὲσι·
286 424 335 472 τά
354 432 398 472 δὲ
420 427 568 485 τήγανα
592 429 722 479 ζέοντά
749 447 812 475 σοι
839 429 1065 482 μολύνεται·
1095 442 1180 475 etc.
1211 448 1314 488 quae
1357 433 1494 473 omnis
1518 434 1576 471 ita

154 498 333 537 repone,
363 499 489 540 quum
519 489 646 542 vulgo
674 484 752 526 ista
774 485 915 542 χρῆσις
942 491 1065 540 plane
1083 489 1232 528 omissa
1257 489 1325 531 sit.
1362 488 1580 541 Ἀψευδέσι

126 546 129 548 ’
155 550 300 580 noster
316 542 403 584 MS.
433 541 478 581 in
506 541 589 583 hoo
611 541 794 583 dramate
815 543 1027 584 laudando
1052 554 1095 583 et
1111 558 1235 598 supra
1250 558 1377 599 segm.
1406 543 1472 586 68.
1501 545 1579 583 ha-

154 593 293 636 bebat.
350 598 481 638 que.

274 657 430 704 Ίῇλεκλ.
457 652 663 710 ψεύδεσι]
702 655 853 695 Liceat
874 655 1112 696 auctoribus
1130 653 1253 696 MSS.
1279 653 1494 709 Ἀψευδέσι
1517 668 1581 694 re-

157 721 337 761 ponere,
381 709 500 750 euius
525 711 723 751 lectionis
760 712 978 751 veritatem
1005 724 1129 763 snpra
1158 725 1250 749 cum
1277 710 1580 764 Iungermanno

157 763 258 802 satis
280 774 405 819 atque
425 779 549 819 super
565 767 824 806 asseruimus.
854 766 940 806 hoc
962 766 1147 820 quamvis
1167 765 1223 805 sit
1240 767 1465 822 egregium,
1495 780 1583 804 ma-

159 819 224 858 ius
246 828 383 859 tamen
409 831 451 860 et
467 822 701 877 elegantius
724 831 806 872 est,
838 821 954 875 quod
983 821 1112 871 ipsam
1142 820 1213 860 hic
1241 823 1451 863 meotidis
1482 825 1584 876 χρῆ-

160 888 222 917 σιν
250 874 522 929 suppeditent
552 878 672 917 MSS.
710 877 855 917 Codex
884 877 1308 927 Falckenburgianus:
1356 875 1417 920 To}
1441 877 1484 919 δὲ
1503 895 1585 927 ,τη-

158 932 362 984 γανίζοντα
397 933 462 974 σοὶ
488 928 720 984 μολύνεται·
758 932 870 972 unde
898 946 1033 973 veram
1060 931 1283 972 lectionem
1312 931 1363 972 ad
1401 946 1585 972 normam

159 995 387 1026 ceterorum
416 987 620 1029 Codicum
663 988 787 1028 facile
827 988 920 1042 quis
956 998 1086 1028 eruat.
1127 987 1230 1042 quid
1265 987 1466 1042 inquam?
1513 988 1586 1027 ina

161 1045 460 1083 commaculata
493 1054 535 1085 et
568 1044 726 1084 incerta
758 1044 1136 1096 Falckenburgiani
1173 1043 1344 1085 Codicis
1382 1044 1584 1097 scriptura

160 1099 248 1136 sola
286 1099 468 1139 nativam
500 1101 689 1139 Pollucis
726 1101 949 1139 lectionem
989 1098 1164 1151 prodet3
1208 1109 1438 1140 ceterorum
1473 1099 1585 1138 enim

159 1152 362 1193 librorum
391 1157 520 1204 ζέοντα
553 1155 729 1210 genuini
757 1155 874 1196 verbi
895 1155 1184 1208 interpretatio
1206 1164 1270 1194 est
1286 1154 1340 1195 ad
1360 1155 1585 1209 marginem

161 1208 531 1265 adscripta‚-qnod
546 1225 720 1262 mecum,
740 1224 784 1250 re
808 1211 988 1264 cognita,
1013 1211 1190 1263 quisque
1211 1210 1425 1254 fatebitur.
1451 1209 1587 1254 scribe

161 1264 305 1318 itaque
336 1263 482 1320 τήγανα
510 1268 683 1315 σΙζοντα.
734 1268 867 1315 Σίζιιν
895 1266 1005 1304 inter
1029 1267 1100 1303 illa
1130 1264 1250 1306 verba
1289 1274 1526 1304 recensetur
1563 1279 1587 1303 a

163 1319 468 1368 Grammaticis,
480 1337 585 1376 quae
598 1319 874 1375 κατοῖμίμησιν
887 1331 986 1359 sunt
998 1321 1188 1360 formata.
1210 1320 1440 1372 Hesychius
1452 1337 1462 1360 ε
1481 1322 1587 1373 Σῖζε,

161 1374 259 1427 ἤχει,
287 1373 389 1419 nard
408 1380 575 1429 μίμησιν
592 1378 711 1431 ἤχου·
740 1377 815 1416 ubi
829 1378 1076 1426 Palmerius,
1100 1376 1166 1416 vir
1184 1374 1436 1415 eruditionis
1460 1375 1590 1415 sedu-

161 1432 241 1479 lae,
263 1435 366 1473 male
389 1432 555 1487 legebat
579 1437 709 1484 Σίζει,
738 1442 825 1471 tum
850 1433 960 1472 enim
993 1441 1034 1470 et
1056 1427 1143 1485 η’χεῖ
1170 1429 1433 1470 scribendum
1464 1440 1587 1473 esset.

146 1485 236 1533 ⁸sed
253 1490 368 1527 nulla
384 1487 575 1528 mutandi
595 1489 718 1529 ratio.
750 1486 1020 1527 illustrandus
1039 1497 1081 1526 et
1098 1489 1200 1526 alter
1219 1485 1402 1531 eiusdem
1417 1487 1590 1529 Lex-ico·

160 1543 316 1594 graphi
331 1545 472 1585 locus:
513 1547 646 1596 Σίζει,
674 1546 752 1597 ῥεῖ,
784 1545 984 1596 περιρῤεῖ,
1019 1544 1142 1591 τινές·
1189 1542 1350 1596 ἄμεινον
1377 1543 1419 1583 δὲ
1433 1544 1497 1584 ἐπὶ
1519 1542 1590 1584 τοῦ

164 1600 286 1647 olfeci·
315 1595 386 1642 niv
411 1599 657 1652 ὀφθαλμόν*
686 1599 758 1638 hic
788 1614 863 1653 pro
886 1602 950 1653 ῥἐἷ
969 1613 1054 1639 non
1080 1598 1223 1651 inepte
1238 1599 1458 1650 Sopingius
1479 1598 1590 1637 forte

163 1655 467 1695 restituendum
490 1656 697 1697 coniectat
723 1658 797 1706 ζεῖ,
827 1655 1029 1709 quamvis,
1057 1667 1121 1693 me
1143 1653 1308 1702 iudice,
1337 1666 1423 1692 non
1443 1666 1591 1706 magna

164 1711 387 1751 necessitas
417 1710 525 1752 hanc
555 1711 886 1752 emendationem
918 1711 1111 1756 suadeat,
1142 1723 1234 1747 cum
1253 1708 1476 1754 lectionem
1497 1707 1592 1748 edi-

163 1774 248 1804 tam
280 1775 440 1807 tutetur
473 1769 666 1823 περιῤῥεῖ.
703 1766 851 1806 habuit
885 1776 1019 1806 autem
1039 1764 1269 1817 Hesychius
1294 1763 1342 1803 in
1364 1763 1504 1805 animo
1524 1766 1591 1803 lo-

165 1834 258 1860 cum
277 1823 448 1861 Homeri
469 1838 519 1862 ex
544 1824 626 1868 od..
642 1828 676 1865 I.

272 1919 281 1927 ,
331 1876 385 1927 αἶς
417 1880 488 1920 τοῦ
513 1875 593 1928 σίζ’
619 1876 832 1932 ὀφθαλμοὶ·
860 1877 1020 1931 ἐλαϊνέῳ
1049 1877 1140 1930 περὶ
1165 1873 1314 1931 μοχλῷ.

165 1932 224 1971 Et
245 1931 327 1972 hoc
348 1933 506 1984 voluit,
547 1935 750 1988 aptiorem
778 1948 866 1974 esse
902 1932 1254 1987 significationem
1283 1929 1352 1974 τοῦ
1385 1932 1591 1984 περιρῥεῒν

167 1987 210 2025 in
232 1988 324 2027 istis
346 1995 561 2041 poetarum
582 1989 783 2042 principis
812 1988 889 2038 σίζ’
921 1986 1155 2040 ὀφθαλμός·
1185 1987 1286 2026 hino
1312 1986 1452 2040 itaque
1468 1988 1591 2026 simul

168 2045 463 2098 cognoscimus
497 2043 703 2099 quandam
731 2044 1119 2097 interpretationem
1158 2043 1227 2086 τοῦ
1254 2043 1370 2091 σι’ζειν,
1399 2041 1591 2080 traditam

166 2113 189 2136 a
214 2100 448 2151 veteribus,
481 2115 601 2155 quam
629 2100 799 2153 penitus
826 2100 995 2139 silentio
1030 2099 1590 2141 recentiores-involverunt.

167 2156 422 2195 Eustathius
442 2170 494 2196 ne
515 2155 639 2196 verbo
662 2155 828 2210 quidem
857 2155 945 2194 eius
973 2154 1187 2204 meminit,
1210 2167 1302 2202 cum
1321 2162 1456 2193 tamen
1479 2151 1591 2190 illam

166 2211 432 2250 celebriorem
463 2213 533 2254 τοῦ
563 2214 682 2260 σίζειν
705 2212 921 2249 notionem
946 2223 1031 2248 non
1059 2208 1326 2261 praeterirem
1359 2201 1399 2249 ιδ
1421 2208 1462 2248 δὲ
1479 2209 1594 2256 σι’ζειν

164 2266 501 2319 ὀνοματοποιεΐεαι
530 2265 630 2320 πρός
653 2264 749 2320 ἦχον
778 2267 965 2318 στοιχείου
986 2265 1055 2306 τοῦ
1080 2265 1218 2318 alyne·
1249 2273 1290 2302 et
1321 2265 1447 2315 paulo
1477 2273 1593 2315 post:

166 2327 202 2365 οἱ
234 2325 275 2363 δὲ
296 2325 456 2367 παλαιοὶ
485 2324 585 2376 φασὶ
606 2326 674 2364 καὶ
701 2321 763 2364 ὅτι
791 2318 1183 2373 ω’νοματοπεηοίηται
1208 2317 1254 2360 to*
1277 2320 1393 2367 σι’ζειν
1419 2317 1499 2360 ἀπό
1525 2319 1596 2360 τοῦ

165 2376 266 2419 nard
289 2377 333 2420 τό
347 2381 458 2427 λίπος
480 2380 687 2432 γενομένου
708 2378 941 2429 σισιλισμοῦ·
975 2389 1080 2429 quae
1121 2373 1349 2426 posteriora
1376 2374 1419 2412 in
1451 2374 1594 2413 brevi-

165 2434 254 2484 bus,
287 2449 393 2487 quae
417 2439 653 2488 appellant,
684 2434 859 2473 scholiis
878 2433 1038 2485 integra
1059 2433 1274 2482 leguntur,
1306 2429 1387 2468 nisi
1407 2429 1518 2483 quod
1537 2429 1596 2467 ibi

167 2491 416 2544 σισιλιγμοῦ,
472 2490 625 2530 additis
669 2490 809 2537 hisce,
859 2488 882 2531 ὅ
913 2490 994 2531 ἐστι
1029 2488 1256 2540 συνεχείας·
1298 2486 1431 2526 scribe
1457 2485 1597 2539 potius
