1690 2996
715 127 790 168 lx.
851 131 942 184 1¹3·
1429 128 1536 170 1173

124 238 328 294 τειρόμενος
356 237 593 279 addidimus
623 238 746 294 λέγει,
778 251 861 291 quo
884 236 1029 277 addito
1050 236 1221 276 facilior
1245 246 1307 277 cst
1329 245 1372 275 et
1394 236 1536 289 perfe-

125 296 232 336 ctior
259 308 419 346 sensus.
475 293 556 334 Sed
586 308 639 335 ne
667 292 834 348 quidem
862 292 905 331 in
928 293 1030 345 ipsis
1053 293 1173 333 MSS.
1194 291 1263 332 hic
1281 291 1386 331 mihi
1418 294 1536 330 locus

125 351 225 392 satis
254 351 415 406 integer
443 359 566 405 atque
588 363 711 388 sanus
733 347 925 389 exhiberi
958 347 1149 394 videtur;
1190 346 1302 402 quod
1321 356 1368 386 tu
1385 345 1539 399 depre-

125 405 282 447 hendas
305 406 429 446 facile
456 420 510 446 ex
535 405 619 444 iuis
649 419 772 443 manu
794 413 1053 443 exaratorum
1084 401 1284 443 Codicum
1306 402 1537 442 variantiis.

126 462 290 516 itaque,
325 461 362 500 si
383 461 561 500 forsitan
580 459 734 500 alicubi
754 460 994 499 coniectura
1015 458 1224 497 meliorem
1246 458 1382 498 facere
1397 458 1536 502 liceat,

125 515 262 566 totum
285 516 356 556 hic
383 529 611 571 apponam.
642 525 690 554 ut
719 513 885 569 quidem
903 512 1203 554 emendandum
1232 506 1539 553 existimabam:

123 569 184 615 ‘H
198 572 239 615 δὲ
261 574 419 627 μυΐνόα,
448 570 537 623 ἤτοι
557 567 764 624 καταμύων
783 587 851 620 τις,
893 567 1108 618 Φυλᾶττου,
1137 572 1228 625 βοᾷ,
1249 570 1317 610 καὶ
1336 566 1382 611 ὃν
1401 565 1451 610 ἂν
1461 571 1540 610 τῶν

126 625 438 684 ὑποφευγόντων
454 625 569 683 λάβῃ,
595 625 734 669 αὐτίκα
750 623 1043 679 ἆντικαταμύειν
1060 622 1282 677 ἀναγκάζει,
1294 622 1323 676 ἢ
1339 622 1458 677 μύσαι
1474 624 1542 665 καὶ

127 683 222 733 τούς
237 684 486 737 κρυφθέντας
498 679 770 735 ἄνερευνῆσαι,
788 681 995 751 (Quamvis
1015 689 1058 721 et
1076 680 1120 718 in
1139 679 1205 718 his
1217 689 1337 719 acute
1350 679 1541 719 Doctiss.

131 741 461 792 lunga-marmus
477 738 777 786 emendaverit,
804 754 831 790 η
853 736 978 789 μύσας
996 736 1092 785 τούς
1107 736 1358 790 κρυφθέντας
1376 732 1543 789 ἀνερευ-

130 800 204 851 νᾷ,
242 794 370 849 idque
391 793 563 834 minime
583 793 812 843 reiecerim)
841 793 950 847 μέχρι
973 789 1164 848 φωρᾶσῃ,
1193 789 1223 843 ’ἢ
1238 792 1304 832 καὶ
1321 787 1462 844 μύσαι,
1494 785 1544 832 οὗ

134 850 183 894 ἄν
200 848 306 899 τινός
322 848 588 902 προσάψηται,
618 854 718 904 (quo
740 848 866 887 simili
884 847 1008 888 modo
1026 847 1182 887 Suidaa
1195 846 1240 885 in
1259 849 1462 900 Χυτρίνδα
1481 845 1545 884 di-

134 906 221 956 xit,
258 906 332 953 ἕως
357 903 408 946 ἄν
436 904 638 958 ἐφάψηται
663 902 787 956 τινὸς)
817 900 846 957 ἢ
869 901 937 946 ἐάν
961 921 1019 952 τις
1037 905 1246 958 προσδείξῃ
1261 901 1545 957 μαντευόμενος

134 963 247 1016 λέγει,
276 955 352 1002 ἔστ’
371 957 421 1002 ἂν
441 958 554 1017 τύχῃ,
584 969 656 998 aut
671 960 848 999 forsitan
868 959 1036 998 mavelis
1047 960 1121 1008 ἕως
1141 957 1191 1000 ἄν
1209 958 1316 1013 τύχῃ.
1373 957 1546 998 Scilicet

136 1018 183 1057 in
206 1015 299 1055 istis
325 1017 444 1068 plura
476 1014 670 1067 myi‘ndae
696 1027 842 1068 genera
865 1012 1048 1054 delineat
1066 1015 1224 1053 Auctor
1246 1023 1409 1066 noster,
1438 1025 1546 1065 quae

136 1072 303 1126 singula
318 1079 368 1109 ut
385 1070 534 1109 melius
552 1081 674 1125 atque
703 1067 943 1122 expeditius
974 1069 1184 1123 intelligas
1197 1099 1209 1119 ,
1236 1068 1393 1108 Latina
1412 1067 1547 1120 adpo-

137 1141 236 1174 nere
252 1125 296 1165 in
313 1125 493 1165 animum
517 1124 689 1164 induxi:
729 1124 947 1177 Mylndam
966 1125 1075 1176 quod
1092 1127 1263 1172 attinet,
1294 1139 1365 1163 seu
1389 1125 1548 1163 clausis

140 1185 231 1236 quia
246 1182 376 1220 oculis
396 1182 602 1229 clamitat,
636 1180 758 1227 Cave,
790 1188 828 1217 et
848 1183 886 1218 ai
905 1194 1018 1232 quem
1035 1179 1419 1232 subterfugientium
1435 1193 1549 1231 cepe-

139 1241 218 1284 rit,
249 1237 471 1289 confestim
499 1250 571 1274 suo
597 1237 684 1273 loco
711 1237 848 1273 oculos
871 1236 1059 1273 claudere
1084 1238 1211 1287 cogit3
1246 1250 1316 1274 seu
1338 1237 1550 1279 connivere

139 1294 243 1332 solet
257 1292 410 1343 aliquis
422 1321 433 1340 ,
465 1299 505 1329 ct
523 1304 710 1342 quaerere
729 1291 944 1328 latitantes
956 1318 968 1336 ‚
992 1290 1115 1329 donec
1136 1293 1356 1341 invenerit5
1395 1304 1466 1328 seu
1484 1298 1550 1327 et-

141 1351 228 1387 iam
246 1346 381 1385 oculos
399 1347 619 1395 occludere,
650 1354 774 1397 atque
791 1346 971 1398 aliquem
989 1347 1132 1384 conari
1139 1345 1395 1396 prehendere,
1425 1359 1551 1397 usque

141 1403 239 1443 dum
268 1405 470 1455 infigerit,-
498 1410 573 1440 aue
592 1403 630 1439 si
652 1404 744 1452 quis·
760 1403 806 1439 in
827 1415 939 1453 cum,
968 1404 1039 1453 qui
1057 1403 1212 1440 clausis
1234 1409 1293 1439 est
1309 1402 1454 1451 oculis,
1482 1401 1551 1438 do·-

137 1462 274 1512 gitum
299 1457 536 1505 intenderit,
570 1457 792 1495 divinando
818 1456 1022 1509 quendam
1047 1457 1096 1494 de
1117 1456 1411 1495 colludentium
1431 1471 1551 1509 grege

141 1516 342 1563 nominat,
371 1515 409 1551 εἰ
420 1512 620 1564 forsitan,
651 1513 741 1564 quis
761 1511 990 1564 illefuerit,
1021 1512 1274 1565 adsequatur
1296 1515 1552 1554 coniectans.-

141 1577 226 1608 tum
246 1567 318 1608 ine
334 1581 480 1620 nempe
498 1568 540 1606 in
562 1568 651 1606 eius
667 1566 911 1607 succedebat
929 1571 1079 1609 locum.
1110 1568 1168 1606 ita
1185 1568 1426 1607 constitutis
1446 1567 1552 1605 Ono-

142 1623 465 1675 maaticograplzi
482 1623 645 1671 verbis,
673 1636 816 1662 sensus
835 1632 898 1662 est
919 1626 1067 1676 planus
1090 1633 1215 1676 atque
1237 1623 1387 1664 facilis.
1427 1622 1554 1661 adiu·

143 1678 292 1720 tabunt
309 1677 465 1719 eruditi
482 1692 644 1731 operam
666 1687 862 1727 nostram,
895 1688 937 1717 et
963 1678 999 1717 si
1022 1679 1131 1718 forte
1152 1677 1442 1718 emendabunt.
1473 1677 1555 1716 Sed

145 1733 196 1775 de
212 1733 294 1778 isto
312 1733 614 1786 προσδεικνύναι
629 1732 879 1773 monendum
905 1742 1045 1784 restat,
1076 1733 1187 1786 quod
1208 1747 1285 1787 ego
1306 1732 1468 1772 reddidi
1492 1733 1554 1772 di.

175 1791 279 1828 itum
303 1789 524 1839 intendere,
553 1788 788 1836 commode,
820 1788 865 1827 ni
893 1789 1027 1831 fallor.
1066 1789 1202 1828 simile
1230 1787 1401 1828 ludendi
1426 1802 1555 1843 genus

141 1804 223 1884 fiae
241 1843 364 1884 etiam
382 1853 624 1898 tempestate
643 1844 772 1898 viget.
811 1843 922 1882 dixit
943 1845 1109 1898 aliquis,
1139 1859 1215 1885 nec
1235 1844 1344 1884 enim
1372 1845 1555 1897 scripto..

143 1901 202 1940 ris
221 1900 424 1940 succurrit
443 1914 610 1948 nomen,
642 1898 846 1953 quendam
868 1898 917 1939 de
936 1900 1012 1939 vili
1023 1900 1143 1954 plebe
1159 1897 1332 1954 δακτύλῳ
1352 1901 1555 1953 Δημοσθέ·

145 1971 222 2008 νην
240 1954 565 2009 προσδεικνύναι,
600 1954 712 2008 quod
733 1956 900 1993 Plinius
919 1957 1127 2010 eleganter
1146 1956 1203 1995 ita
1225 1955 1454 2008 expressit:
1487 1956 1556 1995 An

146 2014 187 2051 ai
196 2011 483 2050 Demosthenes
501 2015 587 2049 iure
598 2012 777 2049 laetatus
796 2019 870 2060 est,
883 2012 990 2063 quod
1008 2012 1124 2049 illum
1136 2026 1240 2050 anus
1250 2013 1397 2049 Attica
1412 2014 1474 2048 ita
1492 2012 1556 2061 deq

147 2069 409 2118 monstravit,
438 2061 556 2115 οὗτός
575 2067 652 2108 ἔστι
670 2068 932 2118 Δημοσθένης
950 2076 1026 2105 etc.
1082 2067 1211 2105 Porro
1233 2065 1282 2105 ab
1302 2066 1384 2105 hoc
1403 2065 1559 2105 luden-

149 2121 194 2161 di
211 2135 359 2176 genere
378 2122 512 2175 petito
535 2136 647 2170 more
667 2121 848 2162 Romani
874 2121 1024 2161 milites
1047 2122 1251 2161 Christum
1263 2121 1557 2174 percutientes,

149 2174 366 2225 dicebant,
405 2175 684 2230 προφήτευσον
702 2174 797 2228 ἡμῖν
820 2177 984 2227 Χριστὲ,
1014 2180 1071 2226 τίς
1091 2179 1193 2219 ἐστιν
1212 2175 1233 2219 ὅ
1255 2177 1398 2224 παίσας
1417 2190 1479 2226 σε,
1510 2187 1560 2216 ut

151 2242 490 2272 commemoratur
507 2246 530 2271 a
547 2233 762 2271 Matthaeo
773 2246 807 2271 c.
819 2232 974 2271 XXVI.
995 2242 1038 2272 et
1059 2235 1203 2271 Marco
1216 2231 1426 2284 cap.XIV.
1449 2231 1561 2272 unde

151 2285 292 2341 itaque
313 2287 357 2325 in
378 2289 569 2327 extremis
596 2288 775 2328 Pollucis
802 2288 935 2327 nostri
956 2287 1094 2327 verbis
1115 2287 1195 2327 hoc
1217 2287 1340 2326 etiam
1356 2286 1481 2326 modo
1498 2290 1562 2326 le-

154 2353 247 2395 gere
262 2341 383 2382 licet:
413 2342 696 2397 μαντευόμενος
713 2344 823 2397 λέγει,
853 2341 898 2392 ὃς
919 2344 1035 2393 ἐστὶν,
1064 2341 1114 2384 ἂν
1128 2340 1234 2394 τύχῃ,
1265 2342 1488 2381 divinando
1500 2343 1561 2381 di-

155 2398 226 2446 cit,
253 2400 324 2449 qui
336 2400 408 2448 ait,
436 2401 475 2437 si
486 2399 602 2451 sorte
622 2401 826 2437 conica-tet.
885 2399 961 2447 [In
988 2396 1282 2438 constituendo
1300 2399 1488 2436 Pollucis
1510 2398 1561 2440 de

156 2449 332 2502 Myinda
366 2455 463 2493 loco
492 2468 577 2492 non
618 2453 766 2493 invitis
789 2454 930 2492 Musis
953 2467 1017 2492 me
1042 2467 1129 2494 esse
1162 2461 1365 2492 versatum
1394 2453 1559 2506 opinor.

160 2516 304 2555 operae
336 2515 468 2547 tamen
495 2509 674 2561 pretium
705 2510 810 2548 feret
831 2509 1017 2548 eruditus
1045 2510 1206 2554 Lector,
1238 2507 1274 2546 si
1295 2509 1560 2563 cognoverit,

157 2570 262 2611 quae
270 2569 410 2602 noster
416 2565 646 2615 Bet-glensa,
664 2565 875 2604 literarum
887 2563 1136 2606 Graecarum
1147 2562 1463 2612 scientissimus,
1477 2578 1559 2604 me-
