1690 2996
173 71 283 126 1056
785 71 861 126 lx..
918 77 987 121 79.

177 181 474 234 candefactam
494 189 607 222 aceto
625 183 782 238 suffuso
809 187 1091 235 extinxerunt,
1121 195 1168 224 ut
1186 199 1262 227 uec
1280 187 1502 240 exportari
1523 202 1607 242 -po-

175 237 335 279 tuerint
346 237 504 277 nummi
517 239 670 279 ferrei.
659 253 702 278 ιιι
715 240 818 280 alius
821 241 1035 309 regiones.
1063 237 1276 284 Plutarch.
1290 241 1335 281 in
1348 242 1441 285 vita
1444 244 1605 296 Lycur·

174 295 250 363 gi:
279 292 362 343 ὄξει
372 291 460 363 γὰρ,
471 290 527 344 ὥς
535 294 697 364 λέγεται,
710 290 907 351 διαπύρου
918 295 1084 348 σιδήρου
1104 295 1148 340 τὸ
1159 296 1344 350 στόμωμα
1352 299 1608 352 κατασβέσας,

170 346 361 402 ἀφείλετο
387 365 470 402 την
497 352 553 400 εἰς
584 347 704 394 τᾶλλα
730 355 863 406 χρείαν
891 354 956 395 καὶ
974 352 1139 405 δύναμιν
1156 351 1365 406 ἀδρανοῦς,
1373 355 1440 397 καὶ
1462 355 1608 405 δυσέρ-

178 422 254 459 γου
277 405 487 460 γενομένου
503 415 583 448 eto.
617 406 757 461 Quae
777 410 1034 461 Porphyrius
1053 408 1105 448 de
1126 409 1378 450 abstinentia
1396 409 1537 462 habet,
1554 408 1607 449 de

178 461 316 501 ferreo
332 475 500 515 nummo
517 441 758 515 Laconum,
789 464 928 503 omnia
947 463 1001 503 sd
1017 464 1189 507 verbum
1208 463 1430 535 descripta
1431 474 1534 504 sunt
1554 479 1609 505 ex

179 516 425 559 Plutarcho.
471 516 685 558 Caeterum
699 518 769 558 C.·
759 519 832 559 ·V.
855 533 931 572 pro
939 519 982 562 δὲ
1005 517 1132 563 αυτοῦ
1150 523 1233 574 leg.
1255 517 1299 563 6'
1320 537 1371 562 αυ
1387 517 1465 574 τὴν
1471 516 1608 573 ἀκμὴν

181 580 259 666 erg.
292 571 565 668 Salprro”
536 590 686 629 ατομον
704 577 785 630 leg
803 589 976 630 αστομον
993 579 1061 617 vel
1082 592 1244 630 ατονον,
1262 588 1382 631 quae
1380 575 1530 619 eodem
1546 590 1609 621 re·

181 640 222 666 cl
255 638 333 667 unt
437 645 548 669 Um·

291 693 386 745 τούς
405 695 477 747 μὲν
492 695 555 738 τοὶ
572 698 877 749 Συρακουσίους
904 706 981 738 etc.
989 697 1010 767 J
1044 697 1227 753 Egregie
1253 696 1344 740 MS·
1362 695 1458 747 τούς
1476 697 1611 751 μέντοι

181 753 484 803 Συρακουσίους
506 755 712 807 καττιτέρῳ
737 752 831 796 πότε
859 750 952 795 ἄντ’
983 757 1176 809 αργυρίου
1191 756 1352 807 νομίσαι
1370 757 1408 798 6.
1428 770 1465 795 κ.
1522 754 1609 793 Iam

173 809 354 860 -vulgata
381 810 454 850 vel
480 821 594 848 cassa
620 822 726 848 nuce
752 824 839 849 non
872 823 1016 852 emam.
1050 810 1224 849 restitue
1245 809 1365 849 istam
1386 809 1611 849 lectionem

113 885 119 890 ·
184 863 383 915 optimam
403 873 444 902 et
468 863 737 916 verissimam,
767 865 858 904 sine
878 864 1010 904 dubio
1033 865 1184 903 Nostro
1204 878 1256 903 ex
1271 865 1515 905 ,Αηοιοιείίε
1535 865 1610 918 Sy

182 931 479 956 racusanorum
499 921 674 975 πολιτείᾳ
695 929 930 973 acceptam.
968 920 1194 975 καττιτέρῳ
1191 922 1380 973 νομίσαι,
1408 929 1460 959 ut
1482 921 1610 959 inodo

184 987 237 1012 ex
259 972 444 1012 eiusdem
466 962 742 1028 philosophi,
769 972 917 1024 credo,
945 963 1277 1028 Byzantinorum
1302 974 1514 1027 republica
1539 973 1610 1012 di-

182 1039 316 1079 xerat,
346 1025 492 1085 σιδήρῳ
513 1029 764 1083 νομιζόντων,
785 1030 1153 1083 quemadmodum
1147 1045 1207 1070 ex
1223 1030 1315 1072 MS.
1338 1030 1398 1069 ibi
1420 1031 1611 1085 legimus.

183 1093 306 1124 extat
325 1098 424 1124 vero
441 1071 553 1126 haee
572 1086 715 1126 eadem
730 1086 908 1125 historia
927 1096 970 1126 et
989 1086 1034 1124 in
1054 1086 1111 1125 11.
1124 1086 1501 1126 Oeconomicorum
1513 1089 1613 1124 Ari.
1636 1116 1640 1122 .

181 1141 359 1190 notetis,
387 1149 435 1179 ut
457 1140 560 1182 bene
582 1141 820 1183 observavit
838 1141 994 1181 Hostus
1013 1141 1090 1184 lib.
1106 1142 1141 1182 l.
1158 1133 1240 1182 'Rei
1261 1143 1430 1182 Numm.
1441 1156 1488 1185 ..c
1509 1156 1547 1210 7.
1568 1156 1611 1180 ιι.

182 1193 220 1236 8.
275 1197 419 1234 Locus
449 1207 512 1236 est
553 1197 790 1242 Oeconom.
813 1197 872 1238 11.
903 1211 992 1250 cap.
1014 1209 1053 1237 9.
1095 1195 1312 1247 Διονύσιος
1338 1195 1615 1249 Συρακουσιος

182 1259 262 1292 etc.
305 1249 380 1294 οὐκ
404 1248 588 1307 εὐπορῶν
615 1253 658 1295 δὲ
682 1250 910 1322 ἀργυρίου,ί
935 1251 1110 1306 νόμισμα
1137 1254 1257 1306 ἔκοψε
1271 1254 1518 1322 καττιτέρου·
1547 1253 1615 1294 καὶ

182 1322 416 1362 συναγαγων
439 1309 665 1361 ἐκκλησίαν,
693 1308 818 1351 πολλοὶ
835 1312 910 1350 τοῦ
924 1310 1169 1375 κεκομμένου
1192 1310 1430 1379 νομίσματος
1453 1306 1614 1361 ὑπερεῖ-

182 1376 279 1404 πεν·
299 1363 391 1407 οἶδὲ
401 1365 648 1432 ἐψηφίσαντο
665 1366 731 1407 και
750 1364 803 1417 μή
821 1362 1075 1418 βουλόμενοι·
1105 1365 1269 1416 ’ἕκαστος
1288 1360 1363 1408 οὖν
1380 1365 1500 1408 εἵλετο
1515 1366 1615 1419 ἔχειν

184 1435 237 1468 ως
256 1414 473 1474 ἆργυροῦν,
505 1417 600 1463 ἀλλὰ
619 1419 673 1474 μὴ
688 1421 963 1475 καττιτὲρινον.
1020 1425 1130 1461 Iuno.

294 1503 390 1535 τους
421 1486 493 1539 μὲν
526 1487 587 1528 τοὶ
617 1491 769 1541 Συρακ.
804 1489 1043 1541 κασσίτηρον
1070 1486 1174 1540 em]
1215 1487 1614 1536 Praestantissimum

184 1551 308 1597 atque
321 1540 667 1596 Ἑλληνικωτάτην
696 1542 820 1586 MSS.
853 1544 1078 1583 lectionem
1105 1542 1243 1582 textui
1270 1557 1358 1582 non
1379 1544 1614 1583 restituisse

183 1598 371 1651 ineptum
398 1599 522 1638 foret.
562 1597 718 1638 dudum
742 1609 817 1646 est,
850 1597 964 1653 quod
984 1597 1124 1638 mendi
1145 1598 1283 1652 quid'
1272 1612 1316 1636 ιιι
1334 1597 1532 1639 hocloco
1551 1599 1613 1638 vi·

182 1653 240 1693 ris
260 1652 436 1693 eruditis
455 1653 666 1706 suboluit3
695 1655 875 1694 Salmas.
897 1653 1031 1693 deM.
1051 1653 1175 1693 Usur.
1195 1667 1292 1708 pag.
1315 1652 1408 1708 '247-
1436 1667 1514 1708 pro
1533 1654 1616 1703 τοῖς

181 1711 475 1763 Συρακουσίοις
494 1723 595 1749 vere
617 1709 741 1749 habet
757 1710 850 1760 τοὺς
866 1711 1185 1765 Συρακουσίους,
1217 1723 1339 1763 quam
1358 1708 1615 1766 emendatio-

181 1778 276 1805 nem
297 1775 498 1819 sequutus
517 1774 580 1805 est
600 1766 858 1819 Sperlingius
879 1766 931 1805 de
948 1767 1143 1805 Nummis
1163 1779 1247 1804 non
1261 1763 1615 1818 Gusis‚p.1'7.cui

180 1830 318 1860 tamen
338 1830 514 1861 ceteram
533 1823 670 1861 eluere
691 1825 891 1861 maculam
915 1835 969 1861 ex
987 1821 1080 1859 aliis
1107 1820 1326 1866 similibus,
1359 1833 1465 1874 quae
1484 1819 1614 1858 addu-

185 1876 266 1928 cit,
292 1877 401 1915 locis
424 1876 468 1914 in
493 1885 694 1929 promptu
715 1877 854 1917 fuerat
874 1891 924 1917 ac
948 1876 1079 1915 facili.
1120 1875 1192 1914 sed
1219 1889 1355 1928 neque
1381 1874 1615 1915 Salmasius

183 1930 228 1970 id
261 1931 547 1985 praestiterat,
579 1932 648 1970 cui
673 1931 813 1973 eadem
837 1942 956 1972 erant
977 1931 1029 1971 ad
1055 1943 1220 1970 manum
1241 1930 1291 1971 de
1315 1932 1434 1970 Usur.
1455 1944 1496 1983 p.
1516 1929 1569 1971 4?
1558 1937 1614 1976 ¹6.

182 1988 292 2027 Mox
292 2001 390 2054 pro
410 1986 582 2040 νόμισμα
610 1984 740 2029 αυτῶν
762 1989 910 2028 melius
931 1987 976 2026 in
1000 1987 1123 2028 MSS.
1139 1995 1182 2026 et
1200 2001 1250 2025 ex
1264 1986 1317 2024 iis
1338 1986 1383 2025 iu
1406 1995 1528 2026 textu
1546 2002 1615 2029 vo-

126 2090 128 2092 ,
182 2040 405 2097 μισμᾶτιον·
457 2039 635 2091 Ἀττικᾶς
655 2053 792 2083 autem
811 2058 884 2082 cur
900 2042 1015 2082 dicto
1034 2045 1130 2081 loco
1151 2043 1391 2080 Salmasius
1405 2052 1504 2095 post
1523 2044 1615 2106 δρα·-

182 2098 283 2154 χμᾶς
301 2097 551 2138 abolendum
574 2108 740 2137 censeat
758 2099 961 2139 rationem
983 2097 1122 2138 hercle
1151 2100 1308 2137 nullam
1329 2096 1468 2140 video.

294 2165 561 2219 κασσίτηρον]
594 2167 838 2219 κασσίτερον.
895 2171 977 2204 Snu-

291 2235 521 2286 Dionysius
533 2241 655 2272 autor
673 2232 751 2287 est]
774 2233 991 2284 Dionysius
1005 2231 1248 2284 Syracusios
1267 2230 1407 2285 coie'git
1418 2240 1612 2272 stannum

181 2303 259 2343 pro
278 2298 451 2342 argento
471 2289 634 2328 habere.
671 2288 801 2342 Atqui
823 2289 1089 2326 Democritus
1112 2285 1223 2339 apud
1240 2287 1498 2334 Athenaeum
1515 2285 1614 2337 XV.

181 2346 258 2387 fol.
281 2345 373 2417 669
401 2358 680 2398 μνημονευσω,
711 2343 864 2398 inquit,
893 2348 965 2385 τοῦ
989 2347 1136 2410 χαλκοῦ
1155 2359 1323 2395 ποιητου
1357 2342 1425 2383 καὶ
1445 2339 1617 2410 ῥήτορος

183 2402 426 2443 Διονυσίου·
437 2405 636 2466 χαλκοῦς
652 2400 691 2443 δὲ
709 2396 1013 2466 προσηγορεύθη
1035 2395 1101 2439 διὰ
1118 2397 1161 2441 τό
1184 2401 1472 2453 συμβουλεῦσαι
1488 2393 1615 2451 Ἀθη-

182 2459 309 2505 ναίοις
324 2453 456 2513 χαλκαῖ
474 2460 681 2510 νομίσματι
701 2452 936 2510 χρήσασθαι.
991 2459 1073 2493 821³

292 2524 558 2579 κασσίτηρον]
590 2524 638 2567 Ο.
658 2524 713 2566 V.
729 2520 822 2582 τούς
842 2522 980 2576 μέντοι
991 2522 1296 2578 Συρακουσίους
1317 2520 1523 2576 καττιτέρῳ
1542 2535 1614 2562 πο·
