1656 2976
150 113 258 154 1716
739 111 792 151 X.
853 115 943 158 135.

253 216 306 274 γῆ
324 221 536 277 σμηκτρὶς]
570 221 674 264 Vide
700 235 825 278 supra
840 223 937 275 vn,
955 224 1021 268 4ο.
1078 225 1164 268 Ηίο
1173 227 1303 283 prior.
1324 225 1423 272 edit.
1432 238 1570 286 μηπτρ.

144 282 277 315 Sssnzu.

254 347 310 398 γῆ·
334 342 551 399 σμηκτρὶς]
581 345 710 388 Salm.
737 348 950 404 σμηκτρίς·
987 347 1100 404 apud
1122 349 1322 391 Galenum
1351 350 1398 391 in
1417 351 1568 394 Lexico

142 399 429 452 Hippocratis.
486 407 629 442 Rom.

251 471 303 522 γῆ
322 468 526 523 σμηκτρὶς]
565 468 675 511 Sane
695 480 837 512 noster
856 472 1024 513 Schema
1042 471 1106 512 nil
1123 471 1299 527 propin·
1316 482 1482 529 poterat
1497 476 1568 515 vel

141 522 304 573 verius,
333 522 448 576 quod
478 525 530 563 ad
557 527 772 579 vulgatum
802 538 923 568 antea
946 530 1109 584 μηκτρὶς
1134 529 1314 580 attinet,
1350 542 1570 584 reponere.

142 577 226 619 Sed
252 579 443 632 profecto
475 582 544 620 vel
574 580 696 622 valde
723 582 871 632 fallor,
914 587 981 625 vel
1011 583 1179 636 scripsit
1207 584 1382 625 Pollux:
1417 585 1485 630 καὶ
1514 588 1570 641 γῆ

140 636 347 687 πλυντρὶς,
375 634 475 677 κατὰ
501 635 742 691 Νικοχάρην.
799 639 910 680 Ecce
940 639 1050 679 enim
1077 639 1223 680 Pollux
1254 639 1298 679 id
1322 640 1440 680 iubet
1458 640 1565 693 ipse,

142 689 263 728 cuius
288 693 407 731 locus
438 705 562 746 supra
587 692 686 743 VII,
715 693 782 737 4ο.
818 693 889 734 hic
917 704 1031 734 totus
1053 706 1138 736 est:
1175 693 1248 748 τὴν
1274 696 1316 738 δὲ
1337 697 1567 752 σμηκτρίδα,

142 744 437 799 Κηφισόδωρος
455 747 498 790 ἓν
523 750 741 804 Τροφωνίῳ
762 752 935 803 εἴρηκεν’
974 750 1084 803 (MS.
1103 749 1162 789 ibi
1182 749 1358 801 Εὔπολις
1378 751 1487 794 εἶπεν
1498 752 1569 794 καὶ

141 799 269 854 ἄλλοι)
291 801 444 856 ἰχθύων
463 803 505 845 δὲ
530 808 682 855 πλῦμα,
713 804 884 847 Πλάτων
912 807 954 848 ἐν
977 807 1119 854 Nineue
1133 807 1285 860 εἴρηκεν
1307 804 1329 850 ὅ
1351 804 1537 861 Κωμικός
1551 813 1587 832 ‘⁰

139 854 169 910 ἦ
187 858 228 900 δὲ
243 859 429 910 πλυντρὶς
451 857 558 910 παρὰ
579 857 790 914 Νικοχᾶρει
807 862 850 903 ἐν
865 858 1058 916 ““Ηρακλεῖ
1083 862 1336 920 γαμουμένῳ·
1367 876 1566 916 quopro-

139 913 253 953 fecto
272 922 314 953 et
333 915 483 952 Noster
505 914 575 953 hic
595 917 796 968 respexit.
835 917 931 956 Hoc
944 927 1081 956 tamen
1095 915 1207 956 haud
1226 917 1408 972 negarim
1426 915 1563 957 adhuc

138 968 337 1008 maiorem
361 968 568 1009 defectum
585 973 682 1010 loco
704 970 806 1011 huic
828 971 1042 1020 accidisse,
1071 986 1195 1027 quum
1218 973 1430 1012 Pollucem
1448 971 1565 1012 arbi-

139 1033 223 1063 trer
245 1034 287 1064 et
310 1023 362 1065 de
383 1027 584 1080 σμηκτρίδι
605 1029 658 1081 γῇ
674 1025 744 1067 hic
767 1026 980 1068 addidisse
1001 1026 1156 1079 eadem,
1190 1041 1296 1084 quae
1316 1042 1456 1083 supra,
1475 1041 1562 1069 non

138 1079 278 1119 minus
301 1093 427 1134 quam
446 1080 496 1121 de
512 1083 730 1136 πλυντρίδι.
783 1089 889 1123 Iunc.

247 1151 301 1201 γῆ
318 1148 515 1201 σμηκτρὶς,
530 1149 633 1202 ete]
663 1149 911 1190 Rectissime
921 1150 1097 1198 seberus,
1112 1159 1209 1191 ante
1221 1149 1564 1204 quemlegebatur

137 1207 211 1257 γῆς
229 1205 407 1255 μηκτρὶς,
438 1205 497 1243 ita
519 1205 722 1257 reposuit.
759 1204 831 1245 sed
852 1209 1065 1258 paululum
1084 1207 1206 1246 aliter
1225 1206 1271 1245 in
1284 1206 1563 1246 Falckmbur-

135 1261 203 1310 gii
235 1257 394 1299 Codice
423 1263 474 1314 γῆ
507 1256 664 1312 σμήτις·
695 1273 775 1315 ego
801 1262 1002 1313 scriptum
1023 1261 1226 1302 existimo
1244 1263 1418 1316 σμηκτὶς,
1445 1259 1561 1316 quod

134 1327 224 1353 non
259 1314 397 1353 miuus
427 1324 539 1354 recte
573 1314 728 1354 dicitur
755 1329 803 1355 ac
840 1318 1050 1370 σμηκτρίς·
1086 1317 1238 1355 scimus
1271 1317 1382 1355 enim
1405 1316 1562 1356 istius-

133 1368 250 1408 modi
275 1370 438 1424 generis
460 1370 674 1409 nominum
696 1373 820 1409 talem
845 1370 1053 1423 duplicem
1072 1371 1254 1410 inveniri
1275 1373 1465 1415 formam.
1507 1370 1561 1412 de

136 1435 274 1465 cetero
296 1438 348 1463 an
371 1424 575 1478 quoddam
596 1425 730 1464 maius
755 1425 971 1476 damnum,
1004 1435 1056 1474 ut,
1071 1428 1395 1479 langen-mannua
1415 1435 1561 1467 noster

137 1480 326 1531 iudicat,
361 1478 559 1520 afflixerit
576 1480 690 1520 hunc
707 1484 844 1521 locum
858 1514 870 1532 ,
908 1481 1051 1532 dicere,
1068 1495 1154 1521 non
1179 1480 1330 1524 habeo.
1370 1481 1559 1522 dubitem

133 1550 214 1589 ego
231 1546 387 1586 tamen;
418 1536 560 1587 potuit
580 1537 690 1575 enim
710 1536 755 1575 in
777 1545 893 1576 tanta
910 1551 1042 1576 rerum
1064 1536 1280 1585 varietate,
1300 1536 1414 1593 quod
1427 1547 1469 1578 et
1480 1537 1559 1576 ali-

133 1590 179 1629 bi
198 1589 569 1645 deprehendimus,
604 1601 767 1631 errante
791 1593 989 1631 memoria
1008 1594 1149 1644 lapsus
1171 1591 1322 1632 Pollux
1336 1597 1412 1647 γῆν
1430 1605 1559 1646 σμηκ-

131 1649 245 1699 wida
275 1647 503 1688 Nicoclcan‘
540 1646 830 1700 adscripsisse,
876 1661 982 1701 quae
1019 1647 1285 1699 Cephisodoro
1317 1647 1558 1688 debebatur.

132 1704 266 1743 Porro
294 1700 516 1755 Νικόχαριν
540 1701 651 1741 nihil
684 1715 790 1755 opus
819 1712 882 1742 est
909 1713 959 1742 ut
987 1712 1145 1755 mutes;
1183 1702 1302 1742 illum
1324 1703 1434 1744 enim
1449 1702 1558 1744 scri-

130 1757 261 1798 bendi
279 1757 447 1797 modum
461 1757 511 1797 ad
536 1772 663 1812 segm.
686 1770 775 1807 107.
797 1757 1024 1801 vindicavi.
1079 1758 1130 1797 In
1142 1758 1409 1813 sequentibus
1420 1760 1559 1799 emein-

131 1812 283 1857 dandis
302 1813 362 1852 ita
383 1827 448 1851 me
468 1814 592 1867 gessi,
621 1822 670 1851 ut
687 1827 816 1853 meam
836 1813 987 1868 agendi
1002 1814 1204 1854 rationem
1223 1827 1346 1853 nemo
1365 1812 1557 1853 cavillari

129 1869 284 1923 possit.
342 1867 560 1923 λύστραυον
593 1869 698 1922 quin
735 1878 975 1922 corruptum
1003 1869 1060 1908 sit
1095 1882 1119 1908 e
1151 1882 1259 1910 voce
1286 1873 1555 1923 χαλαστραῖον,

130 1938 256 1965 nemo
276 1924 411 1964 bonae
427 1924 578 1963 mentis
598 1923 880 1975 dubitaverit,
911 1924 1132 1978 praecipue
1152 1938 1242 1964 cum
1262 1923 1308 1962 in
1330 1923 1555 1977 Excerptic

127 1980 529 2032 Falckenburgianis
558 1993 634 2033 pro
658 1978 793 2018 isthoc
812 1979 1016 2020 vocabulo
1037 1978 1314 2019 substituatur
1332 1977 1553 2034 χαλᾶτριον,

132 2035 249 2090 quod
269 2049 388 2090 quam
406 2049 537 2088 prope
561 2033 728 2075 accedat
756 2033 806 2073 ad
827 2049 969 2074 veram
987 2034 1210 2075 lectionem
1229 2047 1351 2074 nemo
1373 2049 1459 2074 non
1481 2034 1554 2074 vi-

130 2091 214 2132 det.
245 2100 408 2130 tantum
428 2090 558 2144 igitur
573 2087 791 2144 λῦστρανον
806 2091 848 2128 in
863 2095 1120 2144 χαλαστραῖον
1129 2089 1301 2138 mutavi,
1330 2099 1464 2130 cetera
1475 2103 1553 2129 nec

129 2150 420 2200 supplemento
434 2160 509 2198 nec
528 2144 818 2185 emendatione
838 2145 993 2184 habent
1008 2159 1129 2198 opus,
1157 2143 1228 2184 sed
1247 2143 1458 2185 commoda
1488 2144 1552 2184 di-

130 2202 373 2242 stinctione.
428 2202 498 2240 De
520 2203 635 2254 κονίᾳ
653 2209 695 2240 et
717 2203 884 2254 κιμωλίᾳ
901 2205 965 2256 γῇ,
995 2200 1105 2254 quod
1123 2209 1344 2253 utrumque
1362 2199 1552 2240 vocabu-

127 2261 216 2296 lum
248 2272 302 2298 ex
332 2257 613 2307 Aristophane
634 2255 831 2308 producit
858 2259 1017 2295 Auctor
1041 2265 1204 2305 noster,
1235 2254 1468 2294 adeundum
1496 2254 1551 2295 ad

127 2313 262 2351 Notas
287 2312 383 2361 VII,
414 2312 479 2366 59.
512 2311 583 2351 ubi
607 2311 758 2350 Comici
774 2314 913 2350 locum
938 2325 990 2350 ex
1006 2309 1095 2350 eius
1115 2312 1248 2351 Rani:
1269 2307 1551 2350 monstrarunt

129 2367 284 2406 eruditi
319 2367 668 2407 commentatores.
705 2367 924 2420 utriusque
952 2365 1142 2406 meminit
1165 2364 1354 2420 pluribus
1378 2365 1422 2403 in
1442 2366 1549 2409 locis

136 2422 336 2472 Galenus,
367 2421 659 2476 adhibitasque
675 2420 799 2463 docet
819 2435 905 2462 non
921 2430 1082 2461 tautum
1101 2420 1154 2461 ad
1177 2419 1413 2461 mundanda
1425 2421 1552 2462 vesti-

128 2486 284 2527 menta,
315 2477 389 2517 sed
407 2486 447 2518 et
464 2487 694 2532 argentum.

237 2552 559 2611 καῖ”λύσιρανον
579 2557 729 2610 λίτρον]
765 2556 855 2598 MS.
878 2557 943 2598 καὶ
958 2557 1098 2611 λίτρον,
1124 2553 1192 2597 καὶ
1221 2554 1427 2609 timeam
1455 2555 1550 2598 λοῦ-
