1716 3016
225 149 310 190 972
842 143 916 183 IX.
976 145 1042 188 57.

233 258 284 298 de
316 256 522 295 Sosio-rate
557 254 729 307 scripsi,
755 253 857 293 haec
881 254 1028 294 melius
1067 263 1380 308 supponentur:
1410 254 1654 293 Sosio-ratem

233 315 348 354 bunc
364 325 445 365 quo
468 320 710 365 argumento
725 310 937 349 comicum
959 313 1170 363 appellent
1192 309 1548 349 Commentatores
1571 323 1654 348 no-

235 368 332 414 stri,
363 381 449 406 non
473 369 596 420 plane
618 366 841 420 perspicio.
882 365 934 404 de
957 379 1021 404 me
1044 365 1211 419 quidem
1235 374 1345 405 certe
1367 364 1472 404 mihi
1491 368 1652 414 nullum

236 434 299 464 est
326 421 554 469 indicium,
583 433 636 459 ex
670 435 754 473 quo
786 420 1034 460 Comoedias
1064 421 1176 460 hunc
1200 422 1444 459 Sosia-ratem
1473 419 1655 460 edidisse

238 471 383 532 colligi
416 476 565 530 possit.
613 476 807 528 equidem
842 475 945 516 mihi
977 476 1037 515 sic
1072 477 1323 529 persuadeo,
1363 474 1539 515 eundem
1567 489 1657 514 esse

239 549 330 573 eum
356 533 438 572 isto
471 532 692 581 Sosim-ate,
722 533 841 570 cuius
857 533 1142 584 -Φιλαδὲλφους
1166 530 1310 570 laudat
1327 532 1561 570 Athenaeus
1583 530 1656 570 lib.

238 590 315 630 XI·
345 602 384 641 p.
411 586 507 642 474.
564 585 677 626 Illud
706 597 843 626 autem
874 593 1075 640 scriptum
1107 587 1410 641 qualiscunque
1441 586 1570 626 fuerit
1590 600 1658 625 ar-

240 643 452 699 gumenti,
487 641 671 681 fabulam
698 651 835 681 tamen
863 657 949 681 nou
971 643 1126 693 fuisse,
1153 641 1337 695 liquide,
1372 641 1458 680 nisi
1482 655 1546 681 me
1570 655 1660 680 mea

240 710 377 740 totum
407 698 519 738 fallit
549 696 854 750 imprudentia,
904 697 1112 738 scribendi
1147 698 1280 736 forma
1309 712 1333 736 a
1369 697 1530 735 comico
1559 697 1659 735 stilo

242 754 497 795 alienissima
524 751 793 792 demonstrat.
832 753 986 792 senarii
1014 767 1111 793 veto
1129 752 1255 791 iidem
1277 752 1359 806 ipsi
1383 761 1482 791 sunt
1501 766 1659 799 versus,

242 813 383 866 quales
419 818 461 849 et
485 807 564 847 hos
592 821 679 847 esse
703 822 757 847 ex
783 808 898 847 illius
926 802 1255 863 Παρακαταθήκῃ
1282 807 1388 848 bene
1409 807 1663 847 Doctissimi

241 866 336 906 viri
368 864 654 904 observarunt.
703 878 767 902 res
799 864 977 915 ethicas,
1038 877 1143 917 quae
1170 863 1223 902 ad
1258 862 1499 903 formandos
1527 863 1665 916 perti-

244 930 370 960 neant
395 933 552 970 mores,
592 919 637 956 in
676 918 754 957 hae
787 933 862 957 sua
898 915 1222 974 παρακαταθήκῃ
1255 920 1504 956 Sosia-ratem
1528 932 1664 971 expo-

244 977 400 1023 suisse,
430 988 515 1014 non
546 987 652 1013 vane
681 974 773 1028 quis
802 974 1037 1014 arbitretur.
1077 974 1126 1013 ab
1158 975 1229 1013 illa
1257 974 1427 1013 materia
1445 987 1530 1012 non
1554 983 1665 1014 certe

246 1031 483 1075 abhorrent,
515 1043 618 1084 quae
645 1029 717 1067 hic
740 1031 892 1068 Pollux
910 1029 1119 1083 producit.
1161 1027 1504 1082 quemadmodum
1535 1024 1666 1083 igitur

246 1089 462 1139 Epictetus
491 1082 727 1138 ἐγχειρίδιον
756 1085 971 1138 inscripsit
1001 1085 1117 1123 illum
1159 1085 1370 1134 libellum,
1413 1098 1533 1138 quem
1561 1098 1666 1122 nun-

247 1156 369 1198 quam
386 1155 471 1180 nou
491 1141 625 1179 cuivis
644 1139 695 1179 ad
716 1153 861 1178 manus
886 1154 973 1179 esse
997 1140 1189 1193 optabat,
1221 1154 1272 1179 ne
1297 1139 1389 1192 quis
1408 1149 1558 1178 temere
1578 1139 1666 1178 vir-

249 1198 354 1237 tutis
376 1196 582 1236 desereret
602 1198 763 1246 locum,
792 1195 853 1233 sic
869 1195 1189 1234 existimandum
1211 1204 1275 1235 est
1293 1194 1402 1234 hanc
1419 1209 1442 1233 a
1462 1195 1667 1233 Sosio-rate

249 1245 614 1304 Παρακαταθήκην
642 1264 732 1290 esse
753 1250 1029 1289 nominatam:
1059 1265 1142 1304 quo
1163 1251 1315 1297 titulo,
1345 1263 1411 1289 me
1431 1243 1586 1296 in'dice,
1613 1251 1668 1288 si-

248 1305 532 1363 gnificaverit‚
579 1305 727 1344 debere
770 1306 968 1344 Lectores
997 1305 1078 1344 hoc
1109 1306 1267 1358 scripto
1303 1314 1501 1358 tanquam
1533 1305 1667 1356 adipi-

249 1361 427 1402 scendae
447 1361 615 1400 virtutis
637 1359 830 1412 deposito
853 1361 933 1403 uti,
990 1361 1204 1400 Praeterea
1224 1369 1473 1400 memoratur
1492 1360 1536 1398 in
1557 1370 1667 1400 vete-

249 1432 340 1458 rum
367 1415 646 1455 monumentis
679 1417 906 1454 Sosicrates
934 1416 1138 1465 Rhodius,
1170 1411 1396 1470 qui‘literis
1414 1416 1669 1469 consignarit

250 1471 596 1527 philosophorum
639 1470 856 1510 historiam
897 1480 938 1510 et
981 1471 1276 1511 successiones.
1336 1470 1437 1509 hinc
1468 1473 1669 1524 Diogenes

251 1530 452 1568 Laertius
487 1524 560 1575 τοὶς
595 1527 674 1568 τῶν
708 1524 939 1579 φιλοσόφων
969 1525 1158 1581 διαδοχάς
1181 1527 1340 1580 pluries
1369 1525 1560 1577 adducit,
1597 1526 1669 1567 sed

252 1582 364 1636 apud
382 1596 476 1622 eum
499 1596 584 1620 non
619 1596 710 1620 raro
742 1581 895 1635 vitiose
914 1583 999 1621 fuit
1025 1591 1237 1622 exaratum
1262 1580 1494 1634 Σωκράτης»
1531 1582 1668 1623 obser-

254 1647 379 1679 vante
397 1637 499 1678 Viro
522 1636 712 1677 Maximo
731 1639 788 1676 1⁸.
823 1638 1072 1676 casaubono.
1102 1637 1152 1676 ab
1176 1637 1389 1677 Athenaeo
1410 1637 1564 1677 citatur
1586 1639 1666 1679 τῶν

253 1690 480 1748 φιλοσόφων
496 1687 668 1745 διαδοχή.
693 1693 761 1731 cui
775 1706 912 1745 parem
933 1703 974 1733 et
999 1708 1041 1732 re
1061 1702 1102 1732 et
1121 1694 1249 1732 titulo
1270 1693 1479 1732 materiam
1501 1693 1669 1745 scriptis

255 1748 480 1790 tradiderat
519 1749 660 1787 Sotion
696 1748 1022 1787 Alexandrinas.
1077 1763 1163 1787 nou
1204 1747 1370 1800 quidem
1407 1748 1451 1786 in
1496 1748 1669 1795 dubium

254 1805 472 1860 quisquam
502 1802 738 1849 vocaverit,
789 1804 891 1853 quin
924 1803 1059 1843 eidem
1083 1803 1168 1842 sint
1210 1804 1371 1842 auctori
1405 1803 1670 1843 attribuenda

253 1858 456 1912 Κρητικαὶ.
488 1872 664 1912 quorum
689 1858 739 1897 ab
759 1859 973 1898 Athenaeo
996 1860 1106 1897 facta
1129 1867 1189 1898 est
1205 1859 1384 1898 mentio:
1414 1868 1476 1898 est
1495 1859 1570 1897 ubi
1590 1873 1668 1913 pro

255 1914 435 1956 Creticis
465 1913 621 1954 Critica
652 1913 848 1954 mendose
886 1923 1260 1967 repraesentantur.
1291 1913 1417 1953 huius
1446 1916 1671 1954 voluminis

255 1970 432 2024 primum
461 1968 612 2008 librum
641 1970 794 2009 Suidas
826 1970 872 2007 in
904 1966 1069 2012 Λούλων
1098 1967 1224 2018 πόλις,
1255 1979 1297 2008 et
1322 1983 1375 2008 ex
1403 1983 1454 2009 eo
1486 1971 1676 2009 Michaez

255 2025 491 2078 Apostolius
509 2022 560 2062 ad
583 2024 870 2064 testimonium
891 2035 1027 2064 vocat.
1085 2024 1168 2066 Hic
1193 2038 1291 2065 vero
1312 2025 1538 2064 Sosiorum
1557 2027 1674 2064 Rho-

257 2081 353 2119 diu·
376 2093 426 2118 an
445 2079 552 2119 alius
570 2079 700 2119 fuerit
718 2079 768 2118 ab
787 2090 862 2129 eo,
895 2081 1013 2119 cuius
1041 2090 1140 2119 sunt
1165 2077 1421 2134 φιλάδελφοι,
1450 2090 1492 2121 et
1521 2083 1672 2120 Noster
1691 2116 1694 2118 .

257 2134 459 2184 meminit,
487 2147 571 2173 non
590 2136 712 2187 plane
732 2134 946 2174 diiudico:
979 2135 1140 2175 credere
1159 2145 1311 2182 tamen,
1349 2150 1482 2189 spero,
1513 2136 1670 2185 licebit,

256 2204 392 2244 usque
411 2188 506 2228 dum
535 2200 644 2230 secta
679 2190 808 2230 fuerit
839 2190 942 2229 haec
971 2191 1036 2229 lis.
1095 2189 1176 2230 Sed
1203 2203 1301 2230 vero
1335 2190 1386 2229 de
1407 2192 1614 2230 Sosio-rate
1633 2192 1672 2230 si

256 2246 392 2299 polita
409 2243 636 2295 desideres,
665 2244 779 2284 adire
808 2244 942 2292 debes,
975 2246 1129 2285 Lector
1157 2246 1382 2296 Benevole‚
1411 2246 1464 2285 ad
1484 2246 1672 2300 egregias

255 2302 567 2408 {gaze-rifat„
594 2300 641 2340 in
671 2300 844 2339 saidam
861 2313 963 2341 voce
979 2297 1289 2355 Ῥαδαμάνθυος
1305 2301 1435 2356 ὅρκος.
1491 2303 1559 2341 Ex
1584 2303 1673 2341 Ad.

288 2371 308 2395 e
366 2371 413 2399 ιε,

931 2413 999 2456 58.

304 2516 315 2531 ·
365 2465 448 2508 ἔστι
467 2465 510 2507 δὲ
528 2467 602 2509 καὶ
614 2463 788 2522 νόμισμα
815 2471 919 2516 etc.]
957 2467 1045 2508 MS.
1075 2467 1157 2511 ἔστι
1172 2468 1302 2521 μέντοι
1323 2469 1391 2512 καὶ
1412 2465 1501 2521 νόμ.
1534 2484 1593 2510 or.
1624 2466 1670 2509 ui.

258 2519 303 2564 ὅτ
329 2518 380 2562 ἄν
398 2523 510 2571 εἴπη·
541 2523 694 2563 omisso
709 2520 1016 2578 Ἀριστοφάνης.
1072 2523 1199 2565 Iunc.

367 2575 538 2632 στατήρ]
575 2578 771 2635 Sequitur
796 2578 962 2620 omissis
988 2579 1217 2620 interiectis
1247 2578 1292 2618 in
1325 2577 1373 2622 C.
1400 2578 1444 2621 Δ.
1477 2589 1518 2620 et
1547 2578 1595 2621 C.
1618 2578 1673 2621 V.‘
